=LDR  01748aam a2200289   4500
=001  1249
=008  210816s1636\\\\\\\|||||\||||\00|\0\lat\d
=041  \\$alat$hger
=100  \\$aDrexel, Jeremias$d1581-1638$4aut$1http://www.wikidata.org/entity/Q67095$95886
=245  \\$aRhetorica cælestis, seu attente precandi scientia
=260  \\$aMunich$bLeysser$c1636
=300  \\$a[xxii]-633-[2] pages$bengraved title page
=500  \\$aJeremias Drexel (1581-1638) was a Jesuit writer of devotional literature and a professor of humanities and rhetoric who served Maximilian I of Bavaria
=500  \\$aThe engraved frontispiece depicts Jacob's ladder and two further biblical stories
=534  \\$aGerman edition originally published in 1628; this is the first edition in Latin
=561  \\$aEx libris Henriccj Hummes, pastor in [illegible] A[nn]o 163[illegible] die 9 februi
=590  \\$aQuam coram Ser.ma Viriusq. Bavariæ Duce, S. R. I. Archidapifero, Electore Maximiliano et Ser.mâ coniuge Elisabetha explicavit & latinè scripsit Hieremias Drexelius è Societate IESU
=610  \0$aJesuits$1http://www.wikidata.org/entity/Q36380$921140
=648  \0$a17th Century (1601-1700)$1http://www.wikidata.org/entity/Q7016$920923
=650  \0$aReligion$1http://www.wikidata.org/entity/Q9174$93062
=650  \0$aRhetoric$1http://www.wikidata.org/entity/Q81009$93894
=651  \0$aGermany$1http://www.wikidata.org/entity/Q183$9155
=765  \\$aDie himmlische wolredenheit
=856  \\$uhttps://books.google.be/books?id=Aaw8AAAAcAAJ$3Google Books
=942  \\$cBOO
=952  \\$00$10$2ddc$40$6KTS_1_000000000000000_C2_43_06C12$70$8RAR$91249$aORPH$bORPH$cKTS1_C2$d2020-07-08$eKoopman$oKTS1 C2.43 06C12$p20137158$r2021-01-12 00:00:00$w2021-01-12$yBOO
=999  \\$d1249

