=LDR  02008aam a2200313   4500
=001  1250
=008  221004s1741\\\\|||g||||\||||\00|\0\ger\d
=041  \\$ager
=059  \\$av bc
=100  \\$4aut$aLindenborn, Heinrich$d1706-1750$1http://www.wikidata.org/entity/Q1598185$925107
=245  \\$aNeues Gott und dem Lamm geheiligtes Kirchen- und Hauß-Gesang 
=246  \1$aTochter Sion
=250  \\$a3rd ed.
=260  \\$aCologne$bs.n.$c1778
=300  \\$a[ii]-656-[10] pages$bmusical examples
=500  \\$aHeinrich Lindenborn was a Rhenish journalist, satirist and hymn writer. 
=500  \\$aPrivate Hymnbook first published In 1741, better known as 'Tochter Sion', influential in the following years and intended to compete with the Jesuits' Geistliches Psälterlein, which was common in the Rhineland at the time. While the hymn texts all came from Lindenborn's own pen, he engaged various composers for the settings. The work went through several editions, and some of its songs were included in other hymnals. 
=500  \\$aFirst edition of 1741: https://books.google.be/books?id=9HK8fZ0_KtIC
=561  \\$aEx libris Earl Pessloa in Boillan (manuscript)
=590  \\$ader auf dem dreyfachen Wege der Volkommenheit nach dem himmlischen Jerusalem wandernden Tochter Sion ...: Mit jedem Lied beygetruckten, von bewehrten Music-Verständigen neu gefertigten Sing-Weisen ...
=648  \0$a18th Century (1701-1800)$1http://www.wikidata.org/entity/Q7015$920899
=650  \0$aPoetry$1http://www.wikidata.org/entity/Q482$93026
=650  \0$aSong$1http://www.wikidata.org/entity/Q7366$94164
=650  \0$aHymn$1http://www.wikidata.org/entity/Q484692$921333
=650  \0$aCatholicism$1http://www.wikidata.org/entity/Q1841$921631
=651  \0$aGermany$1http://www.wikidata.org/entity/Q183$9155
=942  \\$cBOO
=952  \\$00$10$2ddc$40$6KTS_1_000000000000000_C2_43_06D01$70$8RAR$91250$aORPH$bORPH$cKTS1_C2$d2020-07-08$eKoopman$l0$oKTS1 C2.43 06D01$p20139563$r2021-01-12 00:00:00$w2021-01-12$yBOO
=999  \\$d1250

