=LDR  04890aam a2200421   4500
=001  1251
=008  221005s1763\\\\||||||||\||||\00|\idfre\d
=041  \\$afre
=100  \\$aMadame de Sévigné$d1626-1696$4aut$1http://www.wikidata.org/entity/Q237103$910615
=245  \\$aRecueil des lettres de Madame la Marquise de Sévigné, $bà Madame la Comtesse de Grignan sa fille 
=250  \\$aNouvelle édition augmentée
=260  \\$aParis$bCompagnie des libraires$c1763
=300  \\$a8 vols. (xlviii-358+[iv]-378+406+407+417+384+384+429-[3] pages)
=500  \\$aMarie de Rabutin-Chantal, marquise de Sévigné (5 February 1626 – 17 April 1696), also widely known as Madame de Sévigné or Mme de Sévigné, was a French aristocrat, remembered for her letter-writing. By 1673, Mme de Sévigné's letters were being copied and circulated. Therefore, she knew that her letters were semi-public documents and crafted them accordingly.  Most of her letters, celebrated for their wit and vividness, were addressed to her daughter, Françoise-Marguerite de Sévigné, comtesse de Grignan. She is revered in France as one of the great icons of French 17th-century literature. 
=500  \\$aMadame de Sévigné corresponded with her daughter for nearly thirty years. A clandestine edition, containing twenty-eight letters or portions of letters, was published in 1725, followed by two others the next year. Pauline de Simiane, Mme de Sévigné's granddaughter, decided to officially publish her grandmother's correspondence. Working with the editor Denis-Marius Perrin of Aix-en-Provence, she published 614 letters in 1734–1737, then 772 letters in 1754. The letters were selected according to Mme de Simiane's instructions: she rejected those that dealt too closely with family matters, or those that seemed poorly written. The remaining letters were often rewritten in accordance with the style of the day. This raises a question of the letters' authenticity.

Of the 1,120 known letters, only 15 percent are signed, the others having been destroyed soon after they were read. However, in 1873, some early manuscript copies of the letters, directly based on Mme de Sévigné's originals, were found in an antique shop. These accounted for about half of the letters to Mme de Grignan. 
=561  \\$aEx libris Graf Max O'Donell (manuscript)
=648  \0$a17th Century (1601-1700)$1http://www.wikidata.org/entity/Q7016$920923
=650  \0$aCorrespondence$1http://www.wikidata.org/entity/Q1784733$921392
=650  \0$aHistory$1http://www.wikidata.org/entity/Q309$921403
=650  \0$aBiography$1http://www.wikidata.org/entity/Q36279$91927
=651  \0$aFrance$1http://www.wikidata.org/entity/Q142$9131
=856  \\$uhttps://archive.org/details/recueildeslettr06svgoog/page/n7/mode/2up$3vol. 1
=856  \\$uhttps://books.google.to/books?id=2NAFAAAAQAAJ$3vol. 2
=856  \\$uhttps://books.google.to/books?id=5dAFAAAAQAAJ$3vol. 3
=856  \\$u https://books.google.to/books?id=99AFAAAAQAAJ$3vol. 4
=856  \\$uhttps://archive.org/details/recueildeslettr04svgoog$3vol. 5
=856  \\$uhttps://books.google.be/books?id=acoFAAAAQAAJ$3vol. 6
=856  \\$uhttps://archive.org/details/recueildeslettr05svgoog/page/n5/mode/2up$3vol. 8
=942  \\$cBOO
=952  \\$00$10$2ddc$3vol. 1$40$6KTS_1_000000000000000_C2_43_06D02_01$70$8RAR$91251$aORPH$bORPH$cKTS1_C2$d2020-07-08$eKoopman$l0$oKTS1 C2.43 06D02_01$p20139564$r2021-01-12 00:00:00$w2021-01-12$yBOO
=952  \\$00$10$2ddc$3vol. 2$40$6KTS_1_000000000000000_C2_43_06D02_02$70$8RAR$922047$aORPH$bORPH$cKTS1_C2$d2020-07-08$eKoopman$l0$oKTS1 C2.43 06D02_02$p20139565$r2021-01-12 00:00:00$w2021-01-12$yBOO
=952  \\$00$10$2ddc$3vol. 3$40$6KTS_1_000000000000000_C2_43_06D02_03$70$8RAR$922048$aORPH$bORPH$cKTS1_C2$d2020-07-08$eKoopman$l0$oKTS1 C2.43 06D02_03$p20139566$r2021-01-12 00:00:00$w2021-01-12$yBOO
=952  \\$00$10$2ddc$3vol. 4$40$6KTS_1_000000000000000_C2_43_06D02_04$70$8RAR$922049$aORPH$bORPH$cKTS1_C2$d2020-07-08$eKoopman$l0$oKTS1 C2.43 06D02_04$p20139567$r2021-01-12 00:00:00$w2021-01-12$yBOO
=952  \\$00$10$2ddc$3vol. 5$40$6KTS_1_000000000000000_C2_43_06D02_05$70$8RAR$922050$aORPH$bORPH$cKTS1_C2$d2020-07-08$eKoopman$l0$oKTS1 C2.43 06D02_05$p20139568$r2021-01-12 00:00:00$w2021-01-12$yBOO
=952  \\$00$10$2ddc$3vol. 6$40$6KTS_1_000000000000000_C2_43_06D02_06$70$8RAR$922051$aORPH$bORPH$cKTS1_C2$d2020-07-08$eKoopman$l0$oKTS1 C2.43 06D02_06$p20139569$r2021-01-12 00:00:00$w2021-01-12$yBOO
=952  \\$00$10$2ddc$3vol. 7$40$6KTS_1_000000000000000_C2_43_06D02_07$70$8RAR$922052$aORPH$bORPH$cKTS1_C2$d2020-07-08$eKoopman$l0$oKTS1 C2.43 06D02_07$p20139570$r2021-01-12 00:00:00$w2021-01-12$yBOO
=952  \\$00$10$2ddc$3vol. 8$40$6KTS_1_000000000000000_C2_43_06D02_08$70$8RAR$922053$aORPH$bORPH$cKTS1_C2$d2020-07-08$eKoopman$l0$oKTS1 C2.43 06D02_08$p20139571$r2021-01-12 00:00:00$w2021-01-12$yBOO
=999  \\$d1251

