=LDR  01725    a2200253   4500
=001  1252
=041  \\$afre
=100  \\$aLambert, Claude-François$d1705-1765$1http://www.wikidata.org/entity/Q52154189$925110
=245  \\$aMémoires et avantures d'une dame de qualité, qui s'est retirée du monde$n1-3/3
=246  \1$aMémores de la Marquise de Courtenville
=250  \\$aNouvelle édition
=260  \\$aFrancfort$bVarrentrap$c1762
=300  \\$a3 vols. ([x]-246+[iv]-288+[iv]-154 pages)$btitle page in red and black ink, red edges, paper cover
=500  \\$aNovel inspired by Abbé Prévost's 'Mémoires et aventures d'un homme de qualité qui s'est retiré du monde' (1728-30)
=648  \0$a18th Century (1701-1800)$1http://www.wikidata.org/entity/Q7015$920899
=650  \0$aNovel$1http://www.wikidata.org/entity/Q8261$921629
=651  \0$aFrance$1http://www.wikidata.org/entity/Q142$9131
=856  \\$uhttps://books.google.be/books?id=7dRSAAAAcAAJ$3vol. 3
=856  \\$uhttps://books.google.be/books?id=_TFPhOii-d4C&printsec=frontcover&source=gbs_ge_summary_r&cad=0#v=onepage&q&f=false$3vol. 2
=942  \\$cBOO
=952  \\$00$10$2ddc$3vol.1$40$6KTS_1_000000000000000_C1_43_06D03_01$70$8RAR$91252$aORPH$bORPH$cKTS1_C1$d2020-07-08$eKoopman$l0$oKTS1 C1.43 06D03_01$p20139572$r2021-01-12 00:00:00$w2021-01-12$yBOO
=952  \\$00$10$2ddc$3vol.2$40$6KTS_1_000000000000000_C1_43_06D03_02$70$8RAR$922057$aORPH$bORPH$cKTS1_C1$d2020-07-08$eKoopman$l0$oKTS1 C1.43 06D03_02$p20139573$r2021-01-12 00:00:00$w2021-01-12$yBOO
=952  \\$00$10$2ddc$3vol.3$40$6KTS_1_000000000000000_C1_43_06D03_03$70$8RAR$922058$aORPH$bORPH$cKTS1_C1$d2020-07-08$eKoopman$l0$oKTS1 C1.43 06D03_03$p20139574$r2021-01-12 00:00:00$w2021-01-12$yBOO
=999  \\$d1252

