=LDR  02635aam a2200517   4500
=001  1255
=008  211212s1733\\\\\\\ga|||\||||\00|\p\dut\d
=041  \\$adut
=059  \\$av
=100  \\$aLodensteyn, Jodocus van$d1620-1677$4aut$1http://www.wikidata.org/entity/Q2487552$95497
=245  \\$aUytspanningen,$bbehelsende eenige stichtelyke liederen, en andere gedichten
=250  \\$a10th ed.
=260  \\$aAmsterdam$bVisscher$c1733
=300  \\$a4 volumes in 1 ([xv]-464-[13] pages)$bmusic examples
=500  \\$aFor other (and earlier) editions, see 04D08, 04D23, 11A32, H1-039 and H3-073
=534  \\$aOriginally published in 1676
=590  \\$aVerdeeld in vier deelen. Met een aanhangsel. De tiende druk verbetert en vermeerdert:
=648  \0$a17th Century (1601-1700)$1http://www.wikidata.org/entity/Q7016$920923
=650  \0$aPoetry$1http://www.wikidata.org/entity/Q482$93026
=650  \0$aSong$1http://www.wikidata.org/entity/Q7366$94164
=650  \0$aContrafactum$1http://www.wikidata.org/entity/Q1783270$922210
=650  \0$aPietism$1http://www.wikidata.org/entity/Q193664$923132
=651  \0$aNetherlands$1http://www.wikidata.org/entity/Q55$9173
=653  \0$aBarre, De la$3262$020138034$w600$929100
=653  \0$adiminutie$3voorreden, 5r$020138034$w600$931086
=653  \0$aparodie$3voorreden, 6v$020138034$w600$935769
=653  \0$aechoeffect$3398-401$020138034$w600$931376
=653  \0$atekstuitspraak$35r, 5v$020138034$w600$936786
=653  \0$avolume$3voorreden, 5r, 5v$020138034$w600$937724
=653  \0$azuiverheid$3voorreden, 4r$020138034$w600$938176
=653  \0$arepicavan$312, 85, 431$020138034$w600$938382
=653  \0$aLodensteyn, J. van $3wb, opdracht, 462$020138034$w600$934174
=653  \\$aBaerle, Anna van $3263$929014$020138034$w600
=653  \\$aDaphne$3247$922599$020138034$w600
=653  \\$aDowland, John_lachrimae$3219, 250, 317, 371, 433$931189$020138034$w600
=653  \\$aEngelse fortuin$3213$931463$020138034$w600
=653  \\$aEngelse lapper$3299$931469$020138034$w600
=653  \\$afermates niet aanwezig$3wb$931675$020138034$w600
=653  \\$aHurtadus, P.$31197$933023$020138034$w600
=653  \\$amalle sijmen$3190$934403$020138034$w600
=653  \\$aOnder een linde groene$3137$935382$020138034$w600
=653  \\$aPloos van Amstel, familie$3431$936036$020138034$w600
=856  \\$uhttps://books.google.be/books?id=tXlWAAAAcAAJ$3Google Books
=942  \\$cBOO
=952  \\$00$10$2ddc$40$6KTS_1_000000000000000_C1_61_06E02$70$8RAR$91255$aORPH$bORPH$cKTS1_C1$d2020-07-08$eKoopman$oKTS1 C1.61 06E02$p20138034$r2021-01-12 00:00:00$w2021-01-12$yBOO
=999  \\$d1255

