=LDR  00942aam a2200217   4500
=001  1256
=008  211220s1705\\\\||||||||\||||\00|\d\fre\d
=041  \\$afre
=100  \\$aRegnard, Jean-François$d1655-1709$4aut$1http://www.wikidata.org/entity/Q732695$95167
=245  \\$aLe Joueur.$bComédie en vers
=260  \\$aParis$bRibou$c1705
=300  \\$a[iv]-104 pages
=336  \\$aprinted
=534  \\$cPremiered in 1696
=648  \0$a17th Century (1601-1700)$1http://www.wikidata.org/entity/Q7016$920923
=648  \0$a18th Century (1701-1800)$1http://www.wikidata.org/entity/Q7015$920899
=650  \0$aPlay (theater)$1http://www.wikidata.org/entity/Q25379$921414
=651  \0$aParis (France)$1http://www.wikidata.org/entity/Q90$9160
=942  \\$cBOO
=952  \\$00$10$2ddc$40$6KTS_1_000000000000000_C1_61_06E03$70$8RAR$91256$aORPH$bORPH$cKTS1_C1$d2020-07-08$eKoopman$i06E03$oKTS1 C1.61 06E03$p20138035$r2021-01-12 00:00:00$w2021-01-12$yBOO
=999  \\$d1256

