=LDR  01412    a2200313   4500
=001  1261
=005  20251013180821.0
=008  211221s1805\\\\|||ag|||\||||\00|\p\ger\d
=041  \\$ager
=059  \\$av
=100  \\$aDäniker, Jacob$d(1742-1805)$4cmp$1http://www.wikidata.org/entity/Q94926805$95924
=245  \\$aSchriftliches Gesangbuch, oder, Sammlung auserlesener Psalmen und Geistlicher Lieder
=250  \\$a6th ed.
=260  \\$aZürich$bBiegler$c1805
=300  \\$a[vi]-403-[7] pages
=336  \\$aprinted
=534  \\$aOriginally published in 1787
=561  \\$aEx libris Susanna Risch (?) 1806 (ms.)
=648  \0$a18th Century (1701-1800)$1http://www.wikidata.org/entity/Q7015$920899
=648  \0$a19th Century (1801-1900)$1http://www.wikidata.org/entity/Q6955$920935
=650  \0$aPoetry$1http://www.wikidata.org/entity/Q482$93026
=650  \0$aPsalm$1http://www.wikidata.org/entity/Q12497663$92164
=650  \0$aSong$1http://www.wikidata.org/entity/Q7366$94164
=651  \0$aZürich (Switzerland)$1http://www.wikidata.org/entity/Q72$921130
=653  \0$ameer benutten zelfde partituur$3wb$020138039$w600000000$934589
=653  \\$ageen fermate$3wb$020138039$w600000000$932068
=942  \\$cSCO
=952  \\$00$10$2ddc$40$6KTS_1_000000000000000_C1_61_06E08$70$8RAR$91261$aORPH$bORPH$cKTS1_C1$d2020-07-08$eKoopman$i06E08$oKTS1 C1.61 06E08$p20138039$r2021-01-12 00:00:00$w2021-01-12$ySCO
=999  \\$d1261

