=LDR  01555    a2200265   4500
=001  1263
=008  211221s1734\\\\||||||||\||||\00|\d\fre\d
=041  \\$afre
=100  \\$aFagan, Barthélemy-Christophe$d1702-1755$4aut$1http://www.wikidata.org/entity/Q2885943$94814
=245  \\$aLa Pupille. $bComédie
=260  \\$aParis$bChaubert$c1734
=300  \\$a59 pages
=336  \\$aprinted
=501  \\$aVer-Vert ou Les voyages du perroquet de Nevers / Règlement pour l'Opéra de Paris / Le Caresme In-promptu et Le lutrin vivant.
=648  \0$a18th Century (1701-1800)$1http://www.wikidata.org/entity/Q7015$920899
=650  \0$aPlay (theater)$1http://www.wikidata.org/entity/Q25379$921414
=650  \0$aComedy$1http://www.wikidata.org/entity/Q40831$921436
=651  \0$aFrance$1http://www.wikidata.org/entity/Q142$9131
=773  \\$01265$tVer-Vert ou Les voyages du perroquet de Nevers$w1265
=856  \\$uhttps://gallica.bnf.fr/view3if/ga/ark:/12148/bpt6k57722836$3IIIF
=942  \\$cBOO
=952  \\$00$10$2ddc$40$6KTS_1_000000000000000_C1_61_06E09B$70$8RAR$91263$aORPH$bORPH$cKTS1_C1$d2020-07-08$eKoopman$i06E09b$oKTS1 C1.61 06E09b$r2021-01-12 00:00:00$w2021-01-12$yBOO
=952  \\$00$10$2ddc$40$6KTS_1_000000000000000_C1_61_06E09B$70$8RAR$923749$aORPH$bORPH$cKTS1_C1$d2020-07-08$eKoopman$i06E09b$l0$oKTS1 C1.61 06E09b$r2021-01-12 00:00:00$w2021-01-12$yBOO
=952  \\$00$10$2ddc$40$6KTS_1_000000000000000_C1_61_06E09B$70$8RAR$923848$aORPH$bORPH$cKTS1_C1$d2020-07-08$eKoopman$i06E09b$l0$oKTS1 C1.61 06E09b$r2021-01-12 00:00:00$w2021-01-12$yBOO
=999  \\$d1263

