=LDR  02012aam a2200241   4500
=001  1268
=008  240130s1592\\\\||||||||\||||\00|\p\ita\d
=041  \\$aita
=100  \\$aBanchieri, Adriano$d1568-1634$4aut$1http://www.wikidata.org/entity/Q347804$95930
=245  \\$aLa nobiltà dell'asino
=250  \\$a1st ed.
=260  \\$aVenice$bBarezzi$c1592
=300  \\$a[viii]-70 pages
=500  \\$aAdriano Banchieri was renowned in his time as an organist, but also worked as a composer, dramatist and theorist. Of his non-musical works, La noblita dell asino, which promotes the donkey as King of Beasts, is the most famous, and was very popular in Banchieri's lifetime. His writings in other fields were often issued under the name Camillo Scaliggeri dalla Fratta, and in the present case with the additional pseudonym of Attabalippa dal Peru. 
=500  \\$aThe book is in the tradition of burlesque, vernacular literature: although other animals such as the horse, elephant, monkey, lion or dog, can compete with donkey, place certainly belongs to the latter, according to Banchieri, the palm of the finest living animal in nature. The donkey's praise is stated explicitly in the long title of the noble animal ‘Con sì faceto & piacevole discorso si raccontano tutte le sue facoltà, proprietà, virtù, & eccellenze.’ The work was a huge success, was reprinted several times throughout the seventeenth century and was translated into French, English and German.
=534  \\$aOriginally published in 1588
=648  \0$a16th Century (1501-1600)$1http://www.wikidata.org/entity/Q7017$920944
=650  \0$aLiterature$1http://www.wikidata.org/entity/Q8242$94439
=650  \0$aHumor$1http://www.wikidata.org/entity/Q35874$93936
=856  \\$uhttps://gallica.bnf.fr/ark:/12148/btv1b8608287n$3edition 1599
=942  \\$cBOO
=952  \\$00$10$2ddc$40$6KTS_1_000000000000000_C1_61_06E11$70$8RAR$91268$aORPH$bORPH$cKTS1_C1$d2020-07-08$eKoopman$oKTS1 C1.61 06E11$p20138059$r2021-01-12 00:00:00$w2021-01-12$yBOO
=999  \\$d1268

