=LDR  01656aam a2200313   4500
=001  1269
=008  210224s1753\\\\\\\|||||\||||\00|\0\fre\d
=041  \\$afre
=245  \\$aHistoire du théâtre de l'Opéra en France depuis l'établissement de l'Academie Royale de Musique jusqu'a present
=250  \\$a1st ed.
=260  \\$aParis$bBarbou$c1753
=300  \\$a2 vols. ([vi]-264-221-[3] pages)
=500  \\$aSee 01D04 for a later edition
=561  \\$aEx libris Librairie du spectacle Garnier Arnoul (plate)
=610  \0$aOpéra (Paris, France)$1http://www.wikidata.org/entity/Q283339$920898
=648  \0$a17th Century (1601-1700)$1http://www.wikidata.org/entity/Q7016$920923
=648  \0$a18th Century (1701-1800)$1http://www.wikidata.org/entity/Q7015$920899
=650  \0$aMusic history$1http://www.wikidata.org/entity/Q846047$921373
=650  \0$aTheater history$1http://www.wikidata.org/entity/Q1061140$94607
=650  \0$aOpera$1http://www.wikidata.org/entity/Q1344$92468
=650  \0$aInstitution$1http://www.wikidata.org/entity/Q178706$94241
=651  \0$aParis (France)$1http://www.wikidata.org/entity/Q90$9160
=700  \\$aTravenol Duchesne, Louis-Antoine$d1698-1783$94836
=700  \\$aDurey de Noinville, Jacques Bernard$d1683-1768$1http://www.wikidata.org/entity/Q62177361$94837
=856  \\$uhttps://www.loc.gov/item/05004923/$3Library of Congress
=856  \\$uhttps://www.loc.gov/item/05004923/manifest.json$3IIIF manifest
=942  \\$cBOO
=952  \\$00$10$2ddc$40$6KTS_1_000000000000000_C1_61_06E12$70$8RAR$91269$aORPH$bORPH$cKTS1_C1$d2020-07-08$eKoopman$oKTS1 C1.61 06E12$p20138040$r2021-01-12 00:00:00$w2021-01-12$yBOO
=999  \\$d1269

