=LDR  01226aam a2200253   4500
=001  1271
=008  211221s1732\\\\|||g||||\||||\00|\0\fre\d
=041  \\$afre
=100  \\$aMolinier, Jean-Baptiste de Beccarie de Pavie Fourq$4cmp$95932
=245  \\$aCantiques spirituels sur divers sujets de la doctrine et de la morale chrétienne$nvols. 1-3
=260  \\$aParis$bLottin$c1732
=300  \\$a3 vols. (132-132-144-48 pages)$bmusic examples
=336  \\$aprinted
=500  \\$a3 volumes in 1, with music in the back
=561  \\$aEx libris Maria Van Noll 1738 (ms.)
=590  \\$aSur les plus beaux airs anciens & nouveaux, notés pour en faciliter le chant
=648  \0$a18th Century (1701-1800)$1http://www.wikidata.org/entity/Q7015$920899
=650  \0$aReligion$1http://www.wikidata.org/entity/Q9174$93062
=650  \0$aHymn$1http://www.wikidata.org/entity/Q484692$921333
=650  \0$aPoetry$1http://www.wikidata.org/entity/Q482$93026
=651  \0$aParis (France)$1http://www.wikidata.org/entity/Q90$9160
=942  \\$cBOO
=952  \\$00$10$2ddc$40$6KTS_1_000000000000000_C1_61_06F01_0103$70$8RAR$91271$aORPH$bORPH$cKTS1_C1$d2020-07-08$eKoopman$oKTS1 C1.61 06F01_01-03$p20138060$r2021-01-12 00:00:00$w2021-01-12$yBOO
=999  \\$d1271

