=LDR  01869aam a2200313   4500
=001  1277
=008  211221s1752\\\\\\\gf|||\||||\00|\0\fre\d
=041  \\$afre
=059  \\$abc
=100  \\$ad'Alembert, Jean Le Rond$d1717-1783$4aut$1http://www.wikidata.org/entity/Q153232$94826
=245  \\$aÉlémens de musique, theorique et pratique, suivant les principes de M. Rameau
=250  \\$a1st ed.
=260  \\$aParis$bDavid$bLe Breton$bDurand$c1752
=300  \\$axvi-171-[2] pages$b10 folded sheets, music examples
=336  \\$aprinted
=500  \\$aSee also 03E22 and H4-047
=600  \0$aRameau, Jean-Philippe$d1683-1764$1http://www.wikidata.org/entity/Q1145$94787
=648  \0$a18th Century (1701-1800)$1http://www.wikidata.org/entity/Q7015$920899
=650  \0$aMusic theory$1http://www.wikidata.org/entity/Q193544$92662
=650  \0$aHarmony$1http://www.wikidata.org/entity/Q184421$92358
=650  \0$aAcoustics$1http://www.wikidata.org/entity/Q82811$921365
=651  \0$aFrance$1http://www.wikidata.org/entity/Q142$9131
=773  \\$01276 $tNouveau traité des règles pour la composition de la musique$w1276 
=856  \\$uhttps://imslp.org/wiki/El%C3%A9ments_de_musique_th%C3%A9orique_et_pratique_(D'Alembert%2C_Jean_le_Rond)$3International Music Score Library Project
=942  \\$cBOO
=952  \\$00$10$2ddc$40$6KTS_1_000000000000000_C1_62_06F06B$70$8RAR$91277$aORPH$bORPH$cKTS1_C1$d2020-07-08$eKoopman$i06F06b$oKTS1 C1.62 06F06b$r2021-01-12 00:00:00$w2021-01-12$yBOO
=952  \\$00$10$2ddc$40$6KTS_1_000000000000000_C1_62_06F06B$70$8RAR$923752$aORPH$bORPH$cKTS1_C1$d2020-07-08$eKoopman$i06F06b$l0$oKTS1 C1.62 06F06b$r2021-01-12 00:00:00$w2021-01-12$yBOO
=952  \\$00$10$2ddc$40$6KTS_1_000000000000000_C1_62_06F06B$70$8RAR$923851$aORPH$bORPH$cKTS1_C1$d2020-07-08$eKoopman$i06F06b$l0$oKTS1 C1.62 06F06b$r2021-01-12 00:00:00$w2021-01-12$yBOO
=999  \\$d1277

