=LDR  01512    a2200229   4500
=001  1279
=008  211221s1770\\\\\\\fa|||\||||\00|\0\eng\d
=041  \\$alat
=100  \\$aEvelyn, John$d1620-1706$4aut$1http://www.wikidata.org/entity/Q342712$95945
=245  \\$aSculptura Historico-Technica: $bor, The History and Art of Engraving
=250  \\$a4th ed.
=260  \\$aLondon$bMarks$c1770
=300  \\$axi-264 pages$bengraved frontispiece, 10 insterted engraved plates
=336  \\$aprinted
=590  \\$aContaining, I. The Rise and Progress of Engraving II. Of Engraving in general III. Of Engraving, Etching, and Scraping on Copper, as now practised IV. An Idea of a Fine Collection of Prints V. The Repertorium or, A Collection of various Marks and Cyphers, with Additions. To which is now added, A Chronological and Historical Series of the Painters from the Eleventh Century. Extracted from Baldinucci, Florent le Compte, Fairthorne, the Abecedario Pittorico, and other Authors. With Copper-Plates
=648  \0$a18th Century (1701-1800)$1http://www.wikidata.org/entity/Q7015$920899
=650  \0$aFine art$1http://www.wikidata.org/entity/Q219625$921579
=650  \0$aFine art$1http://www.wikidata.org/entity/Q219625$921579
=856  \\$uhttps://books.google.be/books?id=cLRbAAAAQAAJ$3Google Books
=942  \\$cBOO
=952  \\$00$10$2ddc$40$6KTS_1_000000000000000_C2_43_06F08$70$8RAR$91279$aORPH$bORPH$cKTS1_C2$d2020-07-08$eKoopman$i06F08$oKTS1 C2.43 06F08$p20138075$r2021-01-12 00:00:00$w2021-01-12$yBOO
=999  \\$d1279

