=LDR  02244aam a2200265   4500
=001  1280
=008  221005s1698\\\\||||||||\||||\00|\0\dut\d
=041  \\$adut
=100  \\$aMeyer, Lodewijk$d1629-1681$4aut$1http://www.wikidata.org/entity/Q2742798$95946
=245  \\$aL. Meijers Woordenschat, $bVerdeelt in  Bastaardt-woorden, II. Konst-woorden, III. Verouderde woorden 
=250  \\$a7th ed.
=260  \\$aAmsterdam$bBoom$c1698
=300  \\$a[xxiv]-791 pages$bBound in white vellum, engraved frontispiece
=500  \\$aFirst published in 1669
=500  \\$aLodewijk Meyer was a Dutch physician, classical scholar, translator, lexicographer, and playwright. He was a radical intellectual and one of the more prominent members of the circle around the philosopher Benedictus de Spinoza.
=500  \\$aThe frontispiece depicts an oblong room, containing five pulpits arranged along the walls, with a speaker on each. The front of each lectern shows which subject is being taught. From back to front they are: Language Studies, Philosophy, Medicine, Law, Theology (Taalgeleerdheidt, Wysgeerte, Geneeskonst, Rechtsgeleerdheidt, Godsgeleerdheidt). These are branches of science from which terms with their translations are included in the Vocabulary. The frieze along the hall walls reads: 'Bastaardt Woor. Verouderde Woor. Konst Woorden', referring to the three volumes of the dictionary. Two flying putti carry an open book marked ‘Woorden Schat’ (Words Treasure/Vocabulary). The room is filled with bearded men with hats and long coats, two female figures looking at each other are in the foreground
=590  \\$aVerbetert, en veel vermeerdert in het derde Deel
=648  \0$a17th Century (1601-1700)$1http://www.wikidata.org/entity/Q7016$920923
=650  \0$aDictionary$1http://www.wikidata.org/entity/Q23622$921580
=650  \0$aLinguistics$1http://www.wikidata.org/entity/Q8162$93902
=651  \0$aNetherlands$1http://www.wikidata.org/entity/Q55$9173
=856  \\$uhttps://books.google.be/books?id=3H9oAAAAcAAJ$3Google Books
=942  \\$cBOO
=952  \\$00$10$2ddc$40$6KTS_1_000000000000000_C2_43_06G01$70$8RAR$91280$aORPH$bORPH$cKTS1_C2$d2020-07-08$eKoopman$l0$oKTS1 C2.43 06G01$p20139575$r2021-01-12 00:00:00$w2021-01-12$yBOO
=999  \\$d1280

