=LDR  02136aam a2200313   4500
=001  1282
=008  221005s1666\\\\||||||||\||||\00|\0\lat\d
=041  \\$alat
=100  \\$aGelius, Aulus$dc. 125-180$4aut$1http://www.wikidata.org/entity/Q294800$95949
=240  \\$aAttic Nights
=245  \\$aNoctes atticæ
=260  \\$aAmsterdam$bJansonius$bWeyerstraeten$c1666
=300  \\$a[xlviii]-498-[124] pages$bbound in white vellum, embossed, engraved frontispiece
=500  \\$a'Attic Nights' by Aulus Gellius is a commonplace book on grammar, philosophy, history, antiquarianism and other subjects preserving fragments of the works of many authors who might otherwise be unknown today. It offers a glimpse into the cultures of both Greek and Roman life and society. Gellius began the work while he was living in Attica, Greece, but concluded the work in Rome. The rather disjunct contents include Gellius’s observations and unusual interests found in books or overheard in conversation.
=500  \\$aback matter contains manuscript in latin
=504  \\$aContains an extensive table of contents as well as several indexes
=561  \\$aEx librisG. F. Perry 29/1/98 (manuscript)
=590  \\$aEditio nova et prioribus omnibus docti hominis cura multo castigatior
=648  \0$aClassical Antiquity (8th Century BC-6th Century AD)$1http://www.wikidata.org/entity/Q486761$921435
=648  \0$a17th Century (1601-1700)$1http://www.wikidata.org/entity/Q7016$920923
=650  \0$aPhilosophy$1http://www.wikidata.org/entity/Q5891$92357
=650  \0$aLinguistics$1http://www.wikidata.org/entity/Q8162$93902
=650  \0$aHistory$1http://www.wikidata.org/entity/Q309$921403
=651  \0$aAttica (Greece)$1http://www.wikidata.org/entity/Q122443$923409
=651  \0$aRome (Italy)$1http://www.wikidata.org/entity/Q220$949
=700  \\$aSchele, Rabodus Hermannus de$d1622-1662$4edt$1http://www.wikidata.org/entity/Q19687606$95950
=942  \\$cBOO
=952  \\$00$10$2ddc$40$6KTS_1_000000000000000_C2_43_06G03$70$8RAR$91282$aORPH$bORPH$cKTS1_C2$d2020-07-08$eKoopman$l0$oKTS1 C2.43 06G03$p20139579$r2021-01-12 00:00:00$w2021-01-12$yBOO
=999  \\$d1282

