=LDR  01311aam a2200241   4500
=001  1283
=008  221005s1891\\\\|||g||||\||||\00|\0\dut\d
=041  \\$adut
=100  \\$aBrink, J. B. van den$4aut$95953
=245  \\$aNieuw beknopt en volledig muzikaal woordenboek
=250  \\$a3rd ed.
=260  \\$aCulemborg$bBlom; Olivierse$c1891
=300  \\$a[iv]-272 pages$b4 fold out pages with musical examples, coloured loth cover embellished & embossed $e2 inserted pages with manuscript notes
=561  \\$aEx libris A.D. (manuscript)
=590  \\$aBenevens een overzicht van de Grondbeginselen der Toonkunst bewerkt door K. v. M. Met vier Muziektafelen. Omgewerkt en vermeerdert door J.A.S. van Schaik
=648  \0$a19th Century (1801-1900)$1http://www.wikidata.org/entity/Q6955$920935
=650  \0$aMusic theory$1http://www.wikidata.org/entity/Q193544$92662
=650  \0$aDictionary$1http://www.wikidata.org/entity/Q23622$921580
=700  \\$4aut$aSchaik, J. A. S. van$95954
=856  \\$uhttps://www.dbnl.org/arch/brin064nieu01_01/pag/brin064nieu01_01.pdf$3Digital Library for Dutch Literature (DBNL)
=942  \\$cBOO
=952  \\$00$10$2ddc$40$6KTS_1_000000000000000_C2_43_06G04$70$8RAR$91283$aORPH$bORPH$cKTS1_C2$d2020-07-08$eKoopman$l0$oKTS1 C2.43 06G04$p20139577$r2021-01-12 00:00:00$w2021-01-12$yBOO
=999  \\$d1283

