=LDR  01404aam a2200277   4500
=001  1284
=008  221005s1715\\\\|||g||||\||||\00|\p\dut\d
=041  \\$adut
=059  \\$av
=100  \\$aWillink, Daniël$d1676-1722$4aut$1http://www.wikidata.org/entity/Q2849411$95955
=245  \\$aLusthof van christelijke dank- en beedezangen
=250  \\$a1st ed.
=260  \\$aAmsterdam$bGaete, vande$c1715
=300  \\$a[xlviii]-280-[6] pages$bengraved frontispiece and title page, musical examples
=500  \\$aDaniël Willink (1676-1722) was a poet, writer and wine-seller active in Amsterdam
=648  \0$a18th Century (1701-1800)$1http://www.wikidata.org/entity/Q7015$920899
=650  \0$aReligion$1http://www.wikidata.org/entity/Q9174$93062
=650  \0$aContrafactum$1http://www.wikidata.org/entity/Q1783270$922210
=650  \0$aMoral education$1http://www.wikidata.org/entity/Q25457248$93171
=650  \0$aPoetry$1http://www.wikidata.org/entity/Q482$93026
=650  \0$aSong$1http://www.wikidata.org/entity/Q7366$94164
=651  \0$aNetherlands$1http://www.wikidata.org/entity/Q55$9173
=856  \\$uhttps://www.dbnl.org/tekst/will050lust01_01/$3Digital Library for Dutch Literature (DBNL)
=942  \\$cBOO
=952  \\$00$10$2ddc$40$6KTS_1_000000000000000_C2_43_06G05$70$8RAR$91284$aORPH$bORPH$cKTS1_C2$d2020-07-08$eKoopman$l0$oKTS1 C2.43 06G05$p20139578$r2021-01-12 00:00:00$w2021-01-12$yBOO
=999  \\$d1284

