=LDR  01912    a2200301   4500
=001  1285
=008  221011s1732\\\\||||||||\||||\00|\0\dut\d
=041  \\$adut
=245  \\$aKerkelijk hantboekje$bZeer dienstig voor predikanten en kerkenraden
=260  \\$aDelft$bBoitet$c1732
=300  \\$a393-[3] pages$bbound in white vellum
=500  \\$aSynods of the Dutch Reformed Church were councils convened to decide on issues of doctrine, bible translations, administration or application, to establish rules, putting an end to religious controversy etc. This book contains the acts of the Synods of Dordrecht (1618-19), The Hague (1586), Middelburg (1581), Dordrecht (1574) and Emden (1571), alongside various resolutions from synods held between 1651-1730
=561  \\$aEx libris Arendina Grootenboer (manusript)
=648  \0$a18th Century (1701-1800)$1http://www.wikidata.org/entity/Q7015$920899
=650  \0$aReligion$1http://www.wikidata.org/entity/Q9174$93062
=650  \0$aProtestantism$1http://www.wikidata.org/entity/Q23540$921012
=650  \0$aChurch order$1http://www.wikidata.org/entity/Q5118086$925143
=650  \0$aMoral education$1http://www.wikidata.org/entity/Q25457248$93171
=651  \0$aNetherlands$1http://www.wikidata.org/entity/Q55$9173
=653  \0$aorgel in eredienst$350, 51, 112, 162$020139580$w06G06$935479
=653  \0$adansen$3334, 335, 361, 362$020139580$w06G06$930928
=653  \0$aDathenus, P.$348, 101, 111, 112, 157$020139580$w06G06$930951
=653  \0$apsalmen$348, 101, 111, 112, 141, 157, 221, 264, 265, 294$020139580$w06G06$936244
=653  \0$atoneelspel$3190, 334, 335, 361-363$020139580$w06G06$937015
=653  \0$aluidklokken$3104$020139580$w06G06$934261
=942  \\$cBOO
=952  \\$00$10$2ddc$40$6KTS_1_000000000000000_C2_44_06G06$70$8RAR$91285$aORPH$bORPH$cKTS1_C2$d2020-07-08$eKoopman$l0$oKTS1 C2.44 06G06$p20139580$r2021-01-12 00:00:00$w2021-01-12$yBOO
=999  \\$d1285

