=LDR  01512aam a2200277   4500
=001  1286
=008  221011s1640\\\\||||||||\||||\00|\p\dut\d
=041  \\$alat
=100  \\$aHeinsius, Daniel$d1580-1655$4aut$1http://www.wikidata.org/entity/Q918731$95177
=245  \\$aPoemata auctiora
=250  \\$a1st ed.
=260  \\$aLeiden$bHeger$c1640
=300  \\$bbound in white vellum, engraved title page$a[xx]-575 pages
=500  \\$aDaniël Heinsius (Ghent, 1580-The Hague, 1655) was one of the most famous scholars of the Dutch Renaissance
=500  \\$ahe taught poetics, classics and political science at Universiteit Leiden, which he also served as librarian
=500  \\$aengraved title page, motto "Severitas leporque", depicting the author and a barefooted lute- (or cittern?)player
=501  \\$abound in with 'Poemata Græca' (1640)
=648  \0$a17th Century (1601-1700)$1http://www.wikidata.org/entity/Q7016$920923
=650  \0$aPoetry$1http://www.wikidata.org/entity/Q482$93026
=650  \0$aLiterature$1http://www.wikidata.org/entity/Q8242$94439
=651  \0$aNetherlands$1http://www.wikidata.org/entity/Q55$9173
=700  \\$4edt$aHeinsius, Nicolaas$d1620-1681$1http://www.wikidata.org/entity/Q510116$99668
=856  \\$uhttps://books.google.be/books?vid=GENT900000050988$3Google Books
=942  \\$cBOO
=952  \\$00$10$2ddc$40$6KTS_1_000000000000000_C2_44_06G07A$70$8RAR$91286$aORPH$bORPH$cKTS1_C2$d2020-07-08$eKoopman$l0$oKTS1 C2.44 06G07a$p20139581$r2021-01-12 00:00:00$w2021-01-12$yBOO
=999  \\$d1286

