=LDR  01606aam a2200289   4500
=001  1287
=008  221011s1640\\\\||||||||\||||\00|\p\mul\d
=041  \\$alat$agre
=100  \\$aHeinsius, Daniel$d1580-1655$4edt$4aut$4trl$1http://www.wikidata.org/entity/Q918731$95177
=245  \\$aPoemata Graeca et e Graecis Latine reddita;$bdiverso tempore ac aetate conscripta.
=246  \1$aGreek poems and translated from the Greeks into Latin;$bwritten in different times and eras. 
=250  \\$a1st ed.
=260  \\$aLeiden$bHeger$c1640
=300  \\$a189-[3] pages$bbound in white vellum
=500  \\$aDaniël Heinsius (Ghent, 1580-The Hague, 1655) was one of the most famous scholars of the Dutch Renaissance
=500  \\$ahe taught poetics, classics and political science at Universiteit Leiden, which he also served as librarian
=500  \\$abound in with  'Poemata auctiora' (1640)
=500  \\$acontains also several poems and laudations by various authors in praise of Heinsius
=590  \\$a Quibus Adoptivorum liber accedit.
=648  \0$a17th Century (1601-1700)$1http://www.wikidata.org/entity/Q7016$920923
=650  \0$aPoetry$1http://www.wikidata.org/entity/Q482$93026
=650  \0$aLiterature$1http://www.wikidata.org/entity/Q8242$94439
=773  \\$01286$tPoemata auctiora$w1286
=856  \\$uhttps://lib.ugent.be/catalog/ebk01:12250000001044173$3Universiteitsbibliotheek UGent
=942  \\$cBOO
=952  \\$00$10$2ddc$40$6KTS_1_000000000000000_C2_44_06G07B$70$8RAR$91287$aORPH$bORPH$cKTS1_C2$d2020-07-08$eKoopman$l0$oKTS1 C2.44 06G07b$p20139581b$r2021-01-12 00:00:00$w2021-01-12$yBOO
=999  \\$d1287

