=LDR  02072aam a2200265   4500
=001  1288
=008  221011s1744\\\\||||||||\||||\00|\0\fre\d
=041  \\$afre
=100  \\$aOxenstierna, Johan Thuresson$d1666-1733$4aut$1http://www.wikidata.org/entity/Q16945439$95956
=245  \\$aPensées de Monsieur Le Comte D'Oxenstirn sur divers sujets$bAvec les Reflections Morales du même Auteur$n1-2/2
=250  \\$a2nd Ed.
=260  \\$aThe Hague$bVan Duren$c1744
=300  \\$a2 vols. ([xxiv]-308+[viii]-266 pages)$bengraved frontispiece and title page
=500  \\$aWith French 17th-century moralists as his closest model, the Swedish count and writer d'Oxenstirn wrote aphorisms and shorter essays on ethical, religious and aesthetic issues, elegantly designed with no depth but highly valued by his contemporaries, who called him the "Montaigne of the North". Oxenstierna's 'Recueil de pensées' (5 booklets, 1720–22) and 'Bouquet de diverses fleurs' (printed together with the Recueil 1736) were published in a series of editions in different languages.
=561  \\$aEx libris Comte de Wonsheim (manuscript)
=590  \\$aNouvelle Edition, revüe, & corrigée soit pour le style, soit pour les citations Par Monsieur D.L.M.
=648  \0$a18th Century (1701-1800)$1http://www.wikidata.org/entity/Q7015$920899
=650  \0$aMoral education$1http://www.wikidata.org/entity/Q25457248$93171
=650  \0$aLiterature$1http://www.wikidata.org/entity/Q8242$94439
=700  \\$4edt$aBruzen de La Martinière, Antoine Augustin$d1662-1746$1http://www.wikidata.org/entity/Q585227$95957
=856  \\$uhttps://books.google.be/books?id=yZRZAAAAcAAJ$3vol.1
=942  \\$cBOO
=952  \\$00$10$2ddc$3vol. 1$40$6KTS_1_000000000000000_C2_44_06G08_01$70$8RAR$91288$aORPH$bORPH$cKTS1_C2$d2020-07-08$eKoopman$l0$oKTS1 C2.44 06G08_01$p20139582$r2021-01-12 00:00:00$w2021-01-12$yBOO
=952  \\$00$10$2ddc$3vol. 2$40$6KTS_1_000000000000000_C2_44_06G08_02$70$8RAR$922111$aORPH$bORPH$cKTS1_C2$d2020-07-08$eKoopman$l0$oKTS1 C2.44 06G08_02$p20139583$r2021-01-12 00:00:00$w2021-01-12$yBOO
=999  \\$d1288

