=LDR  01802aam a2200229   4500
=001  1289
=008  221011s1655\\\\||||||||\||||\00|\0\fre\d
=041  \\$afre
=100  \\$aAurelius Antoninus, Marcus$d121-180$4aut$1http://www.wikidata.org/entity/Q1430$95958
=245  \\$aPensées morales de Marc Antonin, empereur; $bde soy, & à soy-même
=260  \\$aAmsterdam$bRavesteyn, de$c1655
=300  \\$a[xxiv]-239 pages$bleather bound, spine embossed in gold
=500  \\$aWhile on campaign between 170 and 180, Roman Emperor Marcus Aurelius wrote his 'Meditations' in Greek as a source for his own guidance and self-improvement. The original title of this work, if it had one, is unknown.It is unlikely that Marcus Aurelius ever intended the writings to be published. The work has no official title, so "Meditations" is one of several titles commonly assigned to the collection. These writings take the form of quotations varying in length from one sentence to long paragraphs. Marcus Aurelius had a logical mind, and his notes were representative of Stoic philosophy and spirituality. 'Meditations' is still revered as a literary monument to a government of service and duty.
=590  \\$aEn douze libres, Traduits du Grec.
=648  \0$aClassical Antiquity (8th Century BC-6th Century AD)$1http://www.wikidata.org/entity/Q486761$921435
=650  \0$aMoral education$1http://www.wikidata.org/entity/Q25457248$93171
=650  \0$aPhilosophy$1http://www.wikidata.org/entity/Q5891$92357
=700  \\$4trl$aB. I. K.$925153
=856  \\$uhttps://books.google.be/books?id=xJApAAAAYAAJ$3Google Books
=942  \\$cBOO
=952  \\$00$10$2ddc$40$6KTS_1_000000000000000_C2_44_06H01$70$8RAR$91289$aORPH$bORPH$cKTS1_C2$d2020-07-08$eKoopman$l0$oKTS1 C2.44 06H01$p20139584$r2021-01-12 00:00:00$w2021-01-12$yBOO
=999  \\$d1289

