=LDR  02940aam a2200301   4500
=001  1290
=008  221011s1669\\\\||||||||\||||\00|\0dlat\d
=041  \\$alat
=100  \\$aPriolo, Benjamin$d1602-1667$4aut$1http://www.wikidata.org/entity/Q52154046$95959
=245  \\$aDe rebus gallicis, historiarum libri XXII
=246  \1$aHistoriae Galliae
=260  \\$aUtrecht$bElsevier$c1669
=300  \\$a[xxx]-508-[10] pages$bengraved frontispiece
=500  \\$aOriginally published in 1665?
=500  \\$aThe work is a rather free and faithful account of the history of France from the death of Louis XIII till 1664, the administration of Cardinal Mazarin and the French Civil War of the Fronde between 1648 and 1653 after the Peace of Westphalia. This Civil War is also depicted on the engraved title page, together with a portrait of the king. The style of this history work is copied from Tacitus and it abounds in characters and portraits, often touched in a satirical manner.
=500  \\$aBenjamin Prioli [or Priolo] was a French historian of Italian descent. When he was 15, he lost both his parents. He studied classical literature in Leiden under Heinsius and Vossius and thereafter went to Paris to meet Grotius. In Padua he studied philosophy under Cremonini. He was employed by the Duke of Longueville, who was the French plenipotentiary for the Peace of Westphalia. During the Civil War of the Fronde, Prioli took part with the Prince of Conde against the Court. When the Nobility lost, Prioli's property was confiscated and Prioli was forced to go into exile in Flanders. Later he could return to Paris.


=500  \\$aThe work is dedicated by Prioli to the Doge and the Senate of Venice as a token of gratitude for creating him Chevalier of Saint Marc.
=500  \\$aPrioli's "Rebus Gallicis Historiarum" was first published in 1665 in Charleville by Poncelet and Paris by Frederic Leonard.
The remaining copies of this Utrecht Elzevier edition were brought on the market in 1677 by Jean Maximilian Lucas from Amsterdam, with a new title page stating "Nova editio".
=500  \\$aThe engraved frontispiece mentions "Benj. Prioli. Historiae Galliae. LibriXII". Engraving unsigned.

=500  \\$aThe typographic title page has the more extensive title "Ab Excessu Ludovici XIII. De Reus Gallicis, Historiarum". 
=561  \\$aEx libris Ditton Park (Plate)
=648  \0$a17th Century (1601-1700)$1http://www.wikidata.org/entity/Q7016$920923
=650  \0$aHistory$1http://www.wikidata.org/entity/Q309$921403
=651  \0$aFrance$1http://www.wikidata.org/entity/Q142$9131
=856  \\$uhttps://books.google.be/books?id=FK_WcvbU6sUC&printsec=frontcover&source=gbs_ge_summary_r&cad=0#v=onepage&q&f=false$3Google Books
=942  \\$cBOO
=952  \\$00$10$2ddc$40$6KTS_1_000000000000000_C2_44_06H02$70$8RAR$91290$aORPH$bORPH$cKTS1_C2$d2020-07-08$eKoopman$l0$oKTS1 C2.44 06H02$p20139585$r2021-01-12 00:00:00$w2021-01-12$yBOO
=999  \\$d1290

