=LDR  01749aam a2200277   4500
=001  1291
=008  221013s1623\\\\||||||||\||||\00|\0\lat\d
=041  \\$alat
=100  \\$aApuleius$d125-170$4aut$1http://www.wikidata.org/entity/Q170512$95960
=245  \\$aOpera omnia quæ exstant
=250  \\$a2nd ed.
=260  \\$aLeiden$bMaire$c1623
=300  \\$a[xxiv]-523 pages$btitle page engraving
=500  \\$aReprint of an earlier edition by that name (Frankfurt, 1621)?
=500  \\$aApuleius was a Numidian Latin-language prose writer, Platonist philosopher and rhetorician
=500  \\$aContains Metamorphoseon, Apologia, De Mundo, De Dogmate Platonis, De Deo Socratis, and Floridorum
=500  \\$aEx libris "The Right Honorable Sir John Trollope Bar. MP". Sir John Trollope was the 7th Baronet Trollope of Casewick, Lincolnshire and later became 1st Baron Kesteven. He succeeded to his father’s title in 1820. He was also MP for South Lincolnshire from 1841-1868, and President of the Poor Law Board in 1852
=561  \\$aEx libris Sir John Trollope (Plate)
=590  \\$aAb innumeris mendis, quibus hactenus scatebant, iam serio emendata
=648  \0$aClassical Antiquity (8th Century BC-6th Century AD)$1http://www.wikidata.org/entity/Q486761$921435
=650  \0$aPhilosophy$1http://www.wikidata.org/entity/Q5891$92357
=650  \0$aNovel$1http://www.wikidata.org/entity/Q8261$921629
=856  \\$uhttps://books.google.be/books?id=zl_ou_f6Nb0C&printsec=frontcover&source=gbs_ge_summary_r&cad=0#v=onepage&q&f=false$3Google Books
=942  \\$cBOO
=952  \\$00$10$2ddc$40$6KTS_1_000000000000000_C2_44_06H03$70$8RAR$91291$aORPH$bORPH$cKTS1_C2$d2020-07-08$eKoopman$l0$oKTS1 C2.44 06H03$p20139586$r2021-01-12 00:00:00$w2021-01-12$yBOO
=999  \\$d1291

