=LDR  01614aam a2200205   4500
=001  1294
=008  221013s1732\\\\||||||||\||||\00|\0\dut\d
=041  \\$adut
=245  \\$aLyste der namen en woonplaatsen van de makelaars
=260  \\$aAmsterdam$bBos$c1732
=300  \\$a24 pages
=501  \\$aBound in with Naamwijzer - ‘t Edele Mogende Collegie ter Admiraliteit t'Amsterdam – Het Hollands en Stigt Utregts Collegie – Naamen en woonplaatsen van de Heeren Professoren in de illustere schoole Hortus Medicus – Naam-register van al de predicanten – Lyste van de capiteinen, luitenanten en officieren over de 60 vaandelen burgers binnen de stad Amsterdam – Naamboekje van de Weled. Heeren der Hooge Indische Regeering – Beknopte genealogie der voornaamste potentaten, tegenwoordig in leven zynde - Verbetert Specie-boek Der verminderde Schellingen
=590  \\$aZo als die in Jaaren door haar Ed. Gr. Achtb. Heeren Burgermeesteren en Regeerders der Stad Amsterdam, daar toe zyn aangestelt. En in welke Goederen en Waaren eenige derzelve wel meest zyn doende. Dienstig voor alle Koopluyden, Schippers, Bestelders, enz.
=648  \0$a18th Century (1701-1800)$1http://www.wikidata.org/entity/Q7015$920899
=650  \0$aHistory$1http://www.wikidata.org/entity/Q309$921403
=651  \0$aAmsterdam (Netherlands)$1http://www.wikidata.org/entity/Q727$9135
=773  \\$021225$t[Name Lists 1732] $w21225
=942  \\$cBOO
=952  \\$00$10$2ddc$40$6KTS_1_000000000000000_C2_44_06H04G$70$8RAR$91294$aORPH$bORPH$cKTS1_C2$d2020-07-08$eKoopman$l0$oKTS1 C2.44 06H04g$p20139587g$r2021-01-12 00:00:00$w2021-01-12$yBOO
=999  \\$d1294

