=LDR  01676aam a2200205   4500
=001  1295
=008  221013s1732\\\\||||||||\||||\00|\0\dut\d
=041  \\$adut
=245  \\$aLyste van de capiteinen, luitenanten en officieren over de 60 vaandelen burgers binnen de stad Amsterdam
=260  \\$aAmsterdam$bBerge, vanden$c1732
=300  \\$a[36 pages]
=501  \\$aBound in with Naamwijzer - ‘t Edele Mogende Collegie ter Admiraliteit t'Amsterdam – Het Hollands en Stigt Utregts Collegie – Naamen en woonplaatsen van de Heeren Professoren in de illustere schoole Hortus Medicus – Naam-register van al de predicanten – Lyste der namen en woonplaatsen van de makelaars – Naamboekje van de Weled. Heeren der Hooge Indische Regeering – Beknopte genealogie der voornaamste potentaten, tegenwoordig in leven zynde - Verbetert Specie-boek Der verminderde Schellingen
=590  \\$azodanig als op den 29 january 1732, de vacant gevallene Plaatsen gesuppleert zyn by de Ed. Manhafte Krygsraad der zelver Stede. Onder de Ed. Heeren Colonellen Dirk Trip en Jan van Loon. Beneffens de Ordre van het Waken met de vier Vaandelen op de 15e nacht. Met de Namen en Woonplaatsen der Brandmeesters.
=648  \0$a18th Century (1701-1800)$1http://www.wikidata.org/entity/Q7015$920899
=650  \0$aHistory$1http://www.wikidata.org/entity/Q309$921403
=651  \0$aAmsterdam (Netherlands)$1http://www.wikidata.org/entity/Q727$9135
=773  \\$021225$t[Name Lists 1732] $w21225
=942  \\$cBOO
=952  \\$00$10$2ddc$40$6KTS_1_000000000000000_C2_44_06H04F$70$8RAR$91295$aORPH$bORPH$cKTS1_C2$d2020-07-08$eKoopman$l0$oKTS1 C2.44 06H04f$p20139587f$r2021-01-12 00:00:00$w2021-01-12$yBOO
=999  \\$d1295

