=LDR  01794aam a2200217   4500
=001  1296
=008  221013s1732\\\\||||||||\||||\00|\0\dut\d
=041  \\$adut
=245  \\$aNaam-register van al de predicanten
=260  \\$aAmsterdam$bBerge, vanden$c1732
=300  \\$a[32 pages]
=501  \\$aBound in with Naamwijzer - ‘t Edele Mogende Collegie ter Admiraliteit t'Amsterdam – Het Hollands en Stigt Utregts Collegie – Naamen en woonplaatsen van de Heeren Professoren in de illustere schoole Hortus Medicus – Lyste van de capiteinen, luitenanten en officieren over de 60 vaandelen burgers binnen de stad Amsterdam – Lyste der namen en woonplaatsen van de makelaars – Naamboekje van de Weled. Heeren der Hooge Indische Regeering – Beknopte genealogie der voornaamste potentaten, tegenwoordig in leven zynde - Verbetert Specie-boek Der verminderde Schellingen
=590  \\$aDie t'sedert de Reformatie in den jare 1578 tot heden geweest, of noch zyn. Waer by vertoont worden De Namen en Woonplaatsen van de Eerwaerdige KErken-Raad der Duytse, Walsche en Engelse Gereformeerde Kerken deser Stede, van 't jaar 1732. Mitsgaders de Namen en Woonplaatsen en Wijken der Krankbesoeckers. Tot dienst der Gemmente in goede order gestelt.
=648  \0$a18th Century (1701-1800)$1http://www.wikidata.org/entity/Q7015$920899
=650  \0$aReligion$1http://www.wikidata.org/entity/Q9174$93062
=650  \0$aCuckoo$1http://www.wikidata.org/entity/Q18845$922474
=651  \0$aAmsterdam (Netherlands)$1http://www.wikidata.org/entity/Q727$9135
=773  \\$021225$t[Name Lists 1732] $w21225
=942  \\$cBOO
=952  \\$00$10$2ddc$40$6KTS_1_000000000000000_C2_44_06H04E$70$8RAR$91296$aORPH$bORPH$cKTS1_C2$d2020-07-08$eKoopman$l0$oKTS1 C2.44 06H04e$p20139587e$r2021-01-12 00:00:00$w2021-01-12$yBOO
=999  \\$d1296

