=LDR  02084aam a2200241   4500
=001  1297
=008  221013s1732\\\\||||||||\||||\00|\0\dut\d
=041  \\$adut
=245  \\$aNaamboekje van de Weled. Heeren der Hooge Indische Regeering
=260  \\$aAmsterdam$bBos$c1732
=300  \\$a47 pages
=501  \\$aBound in with Naamwijzer - ‘t Edele Mogende Collegie ter Admiraliteit t'Amsterdam – Het Hollands en Stigt Utregts Collegie – Naamen en woonplaatsen van de Heeren Professoren in de illustere schoole Hortus Medicus – Naam-register van al de predicanten – Lyste van de capiteinen, luitenanten en officieren over de 60 vaandelen burgers binnen de stad Amsterdam – Lyste der namen en woonplaatsen van de makelaars – Beknopte genealogie der voornaamste potentaten, tegenwoordig in leven zynde - Verbetert Specie-boek Der verminderde Schellingen
=590  \\$aGequalificeerde persoonen, enz. op Batavia; Mitsgaders de respective gouverneurs, directeurs, commandeurs en opperhoofden op de buyten-comptoiren van Nederlands India;  gelykze in wezen zyn geweest ultimo Maart 1731. Als mede alle Gouverneurs Generaal, 't sedert den jaare 1610. Nevens de hooge regeeringe en andere collegien en bedienden op Suriname.
=648  \0$a18th Century (1701-1800)$1http://www.wikidata.org/entity/Q7015$920899
=650  \0$aHistory$1http://www.wikidata.org/entity/Q309$921403
=651  \0$aBatavia$1http://www.wikidata.org/entity/Q1199713$922636
=651  \0$aSuriname$1http://www.wikidata.org/entity/Q730;0000000404016456;128955856;3382998;7015386;a22fad24-770b-4de8-80bc-d7805245381b;1204607;D013532;C400;34948;c_7534;concept801;17932-1;9d1049fb-7b2d-3862-a26d-3cc58c8c7b5b$925177
=651  \0$aNetherlands$1http://www.wikidata.org/entity/Q55$9173
=773  \\$021225$t[Name Lists 1732] $w21225
=856  \\$uhttps://books.google.be/books?id=P_dcAAAAcAAJ$3Google Books
=942  \\$cBOO
=952  \\$00$10$2ddc$40$6KTS_1_000000000000000_C2_44_06H04H$70$8RAR$91297$aORPH$bORPH$cKTS1_C2$d2020-07-08$eKoopman$l0$oKTS1 C2.44 06H04h$p20139587h$r2021-01-12 00:00:00$w2021-01-12$yBOO
=999  \\$d1297

