=LDR  01635aam a2200217   4500
=001  1300
=008  221013b\\\\\\\\|||d||||\u|||\00|\0\dut\d
=041  \\$adut
=245  \\$aVerbetert specie-boek der verminderde schellingen
=260  \\$aAmsterdam$bBerge, vanden$c1732
=300  \\$a[12 pages]
=501  \\$aBound in with Naamwijzer - ‘t Edele Mogende Collegie ter Admiraliteit t'Amsterdam – Het Hollands en Stigt Utregts Collegie – Naamen en woonplaatsen van de Heeren Professoren in de illustere schoole Hortus Medicus – Naam-register van al de predicanten – Lyste van de capiteinen, luitenanten en officieren over de 60 vaandelen burgers binnen de stad Amsterdam – Lyste der namen en woonplaatsen van de makelaars – Naamboekje van de Weled. Heeren der Hooge Indische Regeering – Beknopte genealogie der voornaamste potentaten, tegenwoordig in leven zynde
=590  \\$atot 5 stuyvers 8 penningen. Uytgerekent van vyf en vier Schellingen in een Worp. Als mede een Specie-tafeltje van Acht-en-twintigen. Bequaam voor die geene welke dagelijks veel geld ontvangen en uytgeven.
=648  \0$a18th Century (1701-1800)$1http://www.wikidata.org/entity/Q7015$920899
=650  \0$aHistory$1http://www.wikidata.org/entity/Q309$921403
=650  \0$aEconomy$1http://www.wikidata.org/entity/Q159810$921625
=651  \0$aNetherlands$1http://www.wikidata.org/entity/Q55$9173
=773  \\$021225$t[Name Lists 1732] $w21225
=942  \\$cBOO
=952  \\$00$10$2ddc$40$6KTS_1_000000000000000_C2_44_06H04J$70$8RAR$91300$aORPH$bORPH$cKTS1_C2$d2020-07-08$eKoopman$l0$oKTS1 C2.44 06H04j$p20139587j$r2021-01-12 00:00:00$w2021-01-12$yBOO
=999  \\$d1300

