=LDR  01711aam a2200229   4500
=001  1301
=008  221013s1732\\\\||||||||\||||\00|\0ddut\d
=041  \\$adut$hger
=100  \\$aHübner, Johann$d1668-1731$4aut$1http://www.wikidata.org/entity/Q89840$95601
=245  \\$aBeknopte genealogie der voornaamste potentaten, tegenwoordig in leven zynde
=260  \\$aAmsterdam$bBos$c1732
=300  \\$a48 pages
=501  \\$aBound in with Naamwijzer - ‘t Edele Mogende Collegie ter Admiraliteit t'Amsterdam – Het Hollands en Stigt Utregts Collegie – Naamen en woonplaatsen van de Heeren Professoren in de illustere schoole Hortus Medicus – Naam-register van al de predicanten – Lyste van de capiteinen, luitenanten en officieren over de 60 vaandelen burgers binnen de stad Amsterdam – Lyste der namen en woonplaatsen van de makelaars – Naamboekje van de Weled. Heeren der Hooge Indische Regeering – Verbetert Specie-boek Der verminderde Schellingen

=590  \\$aVolgens het Alphabet opgestelt Door Wylen den Heere Johan Hubner, Rector in de Schole te Hamburg, En naar des zelfs handschrift in het Neder-Duitsch overgebragt, en tot dezen tydt vervolgt.
=648  \0$a18th Century (1701-1800)$1http://www.wikidata.org/entity/Q7015$920899
=650  \0$aHistory$1http://www.wikidata.org/entity/Q309$921403
=650  \0$aBiography$1http://www.wikidata.org/entity/Q36279$91927
=650  \0$aEncyclopedia$1http://www.wikidata.org/entity/Q5292$92184
=773  \\$021225$t[Name Lists 1732] $w21225
=942  \\$cBOO
=952  \\$00$10$2ddc$40$6KTS_1_000000000000000_C2_44_06H04I$70$8RAR$91301$aORPH$bORPH$cKTS1_C2$d2020-07-08$eKoopman$l0$oKTS1 C2.44 06H04i$p20139587i$r2021-01-12 00:00:00$w2021-01-12$yBOO
=999  \\$d1301

