=LDR  01140aam a2200229   4500
=001  1302
=005  20250925143255.0
=008  221013s1916\\\\|||ga|||\||||\00|\0\dut\d
=041  \\$adut
=100  \\$aEppink, Frans$d1856-1932$4cmp$95961
=245  \\$aBedevaartboekje Naar Onze Lieve Vrouw ter Nood te Heilo - Cantemus: kerkelijk gezangboek voor de Kerkprovincie van Nederland
=260  \\$aAlkmaar$bKusters$c1916
=300  \\$a2 vols. in 1 (61-[3]-viii-414 pages)$bmusical examples, illustrations, embossed cloth cover
=648  \0$a20th Century (1901-2000)$1http://www.wikidata.org/entity/Q6927$920936
=650  \0$aPoetry$1http://www.wikidata.org/entity/Q482$93026
=650  \0$aSong$1http://www.wikidata.org/entity/Q7366$94164
=650  \0$aPoetry$1http://www.wikidata.org/entity/Q482$93026
=650  \0$aCatholicism$1http://www.wikidata.org/entity/Q1841$921631
=651  \0$aNetherlands$1http://www.wikidata.org/entity/Q55$9173
=942  \\$cSCO
=952  \\$00$10$2ddc$40$6KTS_1_000000000000000_C2_44_06H05$70$8RAR$91302$aORPH$bORPH$cKTS1_C2$d2020-07-08$eKoopman$l0$oKTS1 C2.44 06H05$p20139588$r2021-01-12 00:00:00$w2021-01-12$yBOO
=999  \\$d1302

