=LDR  02614aam a2200337   4500
=001  1303
=008  221014s1672\\\\||||||||\||||\001\0\lat\d
=041  \\$alat
=245  \\$aConciones et orationes Ex Historicis Latinis excerptæ
=260  \\$aAmsterdam$bElsevier$c1672
=300  \\$a[xii]-382-[15] pages$bengraved frontispiece
=500  \\$aConceived as a rhetorical manual for the schools of Holland and West Friesland, this elegant little volume, with a beautiful engraved title page, contains only extracts from Latin historians: Sallustus, Tacitus, Quintus-Curcius and, of course, Titus Livius, who once again takes the lion's share. A final index lists the selected speeches. 
=500  \\$aEx libris "The Right Honorable Sir John Trollope Bar. MP". Sir John Trollope was the 7th Baronet Trollope of Casewick, Lincolnshire and later became 1st Baron Kesteven. He succeeded to his father’s title in 1820. He was also MP for South Lincolnshire from 1841-1868, and President of the Poor Law Board in 1852
=500  \\$aTitle page engraving by S. Savry depicting a roman orator in toga  gesturing to an audience of colleagues 
=504  \\$acontains an index
=561  \\$aEx libris Sir John Trollope (Plate) 
=590  \\$aArgumenta singulis praefixa sunt, quae causam cujusque& summam ex rei gestae occasione explicant. Opus recognitum recensitumque in usum Scholarum Hollandiae & Westfrisiae. Ex decreto illustriss. D. D. Ordinum ejusdem Provinciae.
=648  \0$aClassical Antiquity (8th Century BC-6th Century AD)$1http://www.wikidata.org/entity/Q486761$921435
=648  \0$a17th Century (1601-1700)$1http://www.wikidata.org/entity/Q7016$920923
=650  \0$aHistory$1http://www.wikidata.org/entity/Q309$921403
=650  \0$aClassical education$1http://www.wikidata.org/entity/Q5128321$94599
=650  \0$aRhetoric$1http://www.wikidata.org/entity/Q81009$93894
=651  \0$aNetherlands$1http://www.wikidata.org/entity/Q55$9173
=700  \\$4aut$aSallustius$d86 BC-c. 35 BC$1http://www.wikidata.org/entity/Q7170$95745
=700  \\$4aut$aLivius, Titus$d59-17 BC$1http://www.wikidata.org/entity/Q2039$923321
=700  \\$4aut$aCurtius Rufus, Quintus$d1st century AD$1http://www.wikidata.org/entity/Q5959$95907
=700  \\$4aut$aTacitus$d54-120$1http://www.wikidata.org/entity/Q2161$95287
=856  \\$uhttps://archive.org/details/concionesetorat01veragoog/page/n9$3Internet Archive
=942  \\$cBOO
=952  \\$00$10$2ddc$40$6KTS_1_000000000000000_C2_44_06H06$70$8RAR$91303$aORPH$bORPH$cKTS1_C2$d2020-07-08$eKoopman$l0$oKTS1 C2.44 06H06$p20139589$r2021-01-12 00:00:00$w2021-01-12$yBOO
=999  \\$d1303

