=LDR  01502aam a2200253   4500
=001  1304
=008  221014s1677\\\\||||||||\||||\00|\0\fre\d
=041  \\$afre
=100  \\$aAmelot de la Houssaye, Abraham Nicolas$d1634-1706$4aut$1http://www.wikidata.org/entity/Q2667383$95962
=245  \\$aExamen de la liberté originaire de Venise
=260  \\$aRegensburg$bAubri$c1677
=300  \\$a[xii]-211-[2] pages
=500  \\$aAbraham Nicolas Amelot de la Houssaye was a French historian and political critic. He was secretary to an embassy from the French court to the Republic of Venice. 
=501  \\$abound in with 'Supplément à l'histoire du gouvernement de Venise'
=561  \\$aEx libris unidentified coat of arms (plate)
=590  \\$aTraduit de l'Italien. Avec une Harangue de Louïs Hélian Ambassadeur de France contre les Vénitiens, Traduite du LAtin. Et des Remarques Historiques. Sur la Copie de Ratisbonne
=648  \0$a17th Century (1601-1700)$1http://www.wikidata.org/entity/Q7016$920923
=650  \0$aHistory$1http://www.wikidata.org/entity/Q309$921403
=651  \0$aVenice (Italy)$1http://www.wikidata.org/entity/Q641$91
=773  \\$01305$tSuplément à l'histoire du gouvernement de Venise $w1305
=856  \\$uhttps://books.google.be/books?id=LL8WAAAAQAAJ$3Google Books
=942  \\$cBOO
=952  \\$00$10$2ddc$40$6KTS_1_000000000000000_C2_44_06H07B$70$8RAR$91304$aORPH$bORPH$cKTS1_C2$d2020-07-08$eKoopman$l0$oKTS1 C2.44 06H07b$p20139590b$r2021-01-12 00:00:00$w2021-01-12$yBOO
=999  \\$d1304

