=LDR  01441aam a2200253   4500
=001  1305
=008  221014s1677\\\\||||||||\||||\00|\0\fre\d
=041  \\$afre
=100  \\$aAmelot de la Houssaye, Abraham Nicolas$d1634-1706$4aut$1http://www.wikidata.org/entity/Q2667383$95962
=245  \\$aSuplément à l'histoire du gouvernement de Venise
=260  \\$aParis$bLeonard$c1677
=300  \\$a237-[3] pages$bbound in white vellum
=500  \\$aComplementary volume to Amelot de la Houssaie's controversial 'Histoire du gouvernement de Venise', 1676
=500  \\$aAbraham Nicolas Amelot de la Houssaye was a French historian and political critic. He was secretary to an embassy from the French court to the Republic of Venice.
=500  \\$asuppressed because of its alleged critique Louis XIV's absolutist regime
=501  \\$aBound in with 'Examen de la liberté originaire de Venise’
=561  \\$aEx libris J. Speirman (manuscript)
=648  \0$a17th Century (1601-1700)$1http://www.wikidata.org/entity/Q7016$920923
=650  \0$aHistory$1http://www.wikidata.org/entity/Q309$921403
=651  \0$aVenice (Italy)$1http://www.wikidata.org/entity/Q641$91
=856  \\$uhttps://books.google.be/books?id=_m85AAAAcAAJ$3Google Books
=942  \\$cBOO
=952  \\$00$10$2ddc$40$6KTS_1_000000000000000_C2_44_06H07A$70$8RAR$91305$aORPH$bORPH$cKTS1_C2$d2020-07-08$eKoopman$l0$oKTS1 C2.44 06H07a$p20139590$r2021-01-12 00:00:00$w2021-01-12$yBOO
=999  \\$d1305

