=LDR  02276aam a2200337   4500
=001  1306
=008  221014s1675\\\\||||||||\||||\001\0alat\d
=041  \\$alat
=100  \\$aAugustine of Hippo$d354-430$4aut$1http://www.wikidata.org/entity/Q8018$95891
=240  \\$aConfessions in Thirteen Books
=245  \\$aLibri XIII Confessionum
=246  \1$aD. Aurelii Augustini Hippon. Episcopi Libri XIII Confessionum
=246  \1$aConfessiones
=260  \\$aAmsterdam$bElsevier$c1675
=300  \\$a334-[15] pages$bEngraved title page
=500  \\$aConfessions is an autobiographical work by Saint Augustine, consisting of 13 books written in Latin between AD 397 and 400. The work outlines Saint Augustine's sinful youth and his conversion to Christianity. It was composed to be read out loud with each book being a complete unit,  constitutes an appeal to encourage conversion, and was an influential model for Christian writers throughout the Middle Ages.
=500  \\$aplace of publication erroneously given as 'Lugduni'
=500  \\$aHenricus Sommalius was a 16th-century Jesuit writer who was notable for editing a number of important medieval works of eminent church fathers including Albert Magnus, Thomas a Kempis, and Saint Augustine. 
=504  \\$ahttps://en.wikipedia.org/wiki/Confessions_(Augustine)
=590  \\$aad 3 M. SS. exempl. emendati. Opera et Studio R. P. H. Sommalii e Soc. Iesu
=648  \0$aClassical Antiquity (8th Century BC-6th Century AD)$1http://www.wikidata.org/entity/Q486761$921435
=648  \0$a17th Century (1601-1700)$1http://www.wikidata.org/entity/Q7016$920923
=650  \0$aBiography$1http://www.wikidata.org/entity/Q36279$91927
=650  \0$aBiography$1http://www.wikidata.org/entity/Q36279$91927
=650  \0$aMoral education$1http://www.wikidata.org/entity/Q25457248$93171
=650  \0$aCatholicism$1http://www.wikidata.org/entity/Q1841$921631
=700  \\$aSommalius, Henricus$d1533-1619$4edt$1http://www.wikidata.org/entity/Q1606112$95963
=856  \\$uhttps://books.google.be/books?id=IWFMAAAAcAAJ$3Google Books
=942  \\$cBOO
=952  \\$00$10$2ddc$40$6KTS_1_000000000000000_C2_44_06H08$70$8RAR$91306$aORPH$bORPH$cKTS1_C2$d2020-07-08$eKoopman$l0$oKTS1 C2.44 06H08$p20139591$r2021-01-12 00:00:00$w2021-01-12$yBOO
=999  \\$d1306

