=LDR  02704aam a2200337   4500
=001  1307
=008  221014s1635\\\\|||bf|||\||||\001\0\lat\d
=041  \\$alat
=100  \\$aCæsar, Gaius Iulius$dc. 100-44 BC$4aut$1http://www.wikidata.org/entity/Q1048$95964
=245  \\$aIulii Cæsaris quæ extant ex emendatione Ios. Scaligeri 
=260  \\$aLeiden$bElsevier$c1635
=300  \\$a[xxviii]-561-[70] pages$b06H10: bound in white vellum, engraved title page, medallion with effigy of Julius Caesar, three folded maps , five full-page woodcuts. 
=500  \\$aJoseph Justus Scaliger was a French Calvinist religious leader and scholar, known for expanding the notion of classical history from Greek and ancient Roman history to include Persian, Babylonian, Jewish and ancient Egyptian history. He spent the last sixteen years of his life in the Netherlands. 
=500  \\$aContains amongst others "Commentarii de Bello Gallico Liber I-VIII" (Julius Caesar's firsthand account of the Gallic Wars), "Commentari De Bello Civili Liber I-III" (Commentaries on the Civil War, Ceasar's  account of his war against Gnaeus Pompeius and the Roman Senate), "De Bello Alexandrino" (Caesar's campaigns in Alexandria and Asia), "De Bello Africano" and  "De Bello Hispaniensi"
=504  \\$aContains an extensive Index
=534  \\$aOriginally published in 1596
=561  \\$a06H10: Ex libris Coninck Westenberg (Plate - Coat of arms)
=561  \\$a06H10: Ex libris Westenberg (manuscript - inscription "gekregen met Kerstmis 1937 op "de Bevermeer" Angerlo bij Doesburg van mijn moeder.")
=561  \\$a06H11: Ex libris Ditton Park (Plate - coat of arms)
=600  \0$1http://www.wikidata.org/entity/Q1048$aCaesar, Julius$d100-44 BC$920885
=648  \0$aClassical Antiquity (8th Century BC-6th Century AD)$1http://www.wikidata.org/entity/Q486761$921435
=650  \0$aBiography$1http://www.wikidata.org/entity/Q36279$91927
=650  \0$aPolitics$1http://www.wikidata.org/entity/Q7163$921826
=650  \0$aMilitary history$1http://www.wikidata.org/entity/Q192781$93874
=651  \0$1http://www.wikidata.org/entity/Q220$aRome (Italy)$949
=700  \\$4edt$aScaliger, Joseph Juste$d1540-1609$1http://www.wikidata.org/entity/Q315163$95076
=856  \\$uhttps://books.google.be/books?id=-vURDAEACAAJ$3Google Books
=942  \\$cBOO
=952  \\$00$10$2ddc$40$6KTS_1_000000000000000_C2_44_06H10$70$8RAR$91307$aORPH$bORPH$cKTS1_C2$d2020-07-08$eKoopman$l0$oKTS1 C2.44 06H10$p20139592$r2021-01-12 00:00:00$w2021-01-12$yBOO
=952  \\$00$10$2ddc$40$6KTS_1_000000000000000_C2_44_06H11$70$8RAR$922152$aORPH$bORPH$cKTS1_C2$d2020-07-08$eKoopman$l0$oKTS1 C2.44 06H11$p20139593$r2021-01-12 00:00:00$w2021-01-12$yBOO
=999  \\$d1307

