=LDR  02236aam a2200217   4500
=001  1308
=008  221014s1860\\\\||||||||\||||\00|\p\\\\\d
=041  \\$adut
=100  \\$aGenestet, Petrus Augustus de$d1829-1861$4aut$1http://www.wikidata.org/entity/Q2356743$95966
=245  \\$aLeekedichtjens$bRijmen en dichten zoo oude als nieuwe
=250  \\$a2nd ed.
=260  \\$aHaarlem$bKruseman$c1860
=300  \\$a[x]-128 pages
=500  \\$aGénestet (1829-1861) was a Remonstrant poet
=500  \\$aThe main characters in the Leekedichtjes by P.A. de Génestet (1829-1861) are fanatical preachers and ordinary churchgoers. This puts the collection at the centre of current events. In 1860, a conflict flared up in the Netherlands between modern and orthodox Protestants. Modern preachers wanted to adapt the faith to the new age. They did not take the Bible literally, so new scientific discoveries, such as Darwin's theory of evolution, posed no problem. Orthodox preachers wanted to leave everything as it was and did take the Bible literally. There were fierce discussions between the adherents of the two movements. In the Leekedichtjes, De Génestet takes the sharpshooters of both sides to task. Not they, but God knows the truth.


=500  \\$aDe Génestet chose a unique position in this battle. Instead of quarrelling with other preachers over minor points of doctrine, he sided with the ordinary believer, who could no longer make sense of the quarrelling. In the thirty-fourth poem, he explains what he thinks a 'Leekedichtje' is for: 'it teaches you to deliberate,/ What is true and holy, what is not.' So the reader has to start thinking for himself about what he believes. Although he was a pastor, De Génestet did not pose as an authority in the Leekedichtjes, but as someone without theological training, a layman. That is why the collection is called Leekedichtjes.
=648  \0$a19th Century (1801-1900)$1http://www.wikidata.org/entity/Q6955$920935
=650  \0$aPoetry$1http://www.wikidata.org/entity/Q482$93026
=942  \\$cBOO
=952  \\$00$10$2ddc$40$6KTS_1_000000000000000_C2_44_06H12$70$8RAR$91308$aORPH$bORPH$cKTS1_C2$d2020-07-08$eKoopman$l0$oKTS1 C2.44 06H12$p20139594$r2021-01-12 00:00:00$w2021-01-12$yBOO
=999  \\$d1308

