=LDR  01804aam a2200265   4500
=001  1309
=008  221014s1664\\\\||||||||\||||\00|\0\lat\d
=041  \\$alat
=100  \\$aPaterculus, Marcus Velleius$dc. 19 BC-c. 31 AD$4aut$1http://www.wikidata.org/entity/Q316098$95967
=240  \\$aRoman History
=245  \\$aHistoriæ romanæ$bCum Notis Gerardi Vossii G.F.
=260  \\$aAmsterdam$bElsevier$c1664
=300  \\$a[xii]-116-[28]-182-[1] pages$bengraved frontispiece, bound in white vellum
=500  \\$aMarcus Velleius Paterculus was a Roman historian, soldier and senator. 
=500  \\$aThe Roman history, written in a highly rhetorical style, covers the period from the end of the Trojan War to AD 30, but is most useful for the period from the death of Caesar in 44 BC to the death of Augustus in AD 14.
=500  \\$aThe work is frequently referred to as a "compendium of Roman history," which has also been used as the title, as have the more abbreviated Historiae Romanae, or Roman History, or simply Historiae or History
=500  \\$aGerardus Vossius, was a Dutch classical scholar and theologian.  He edited Paterculus' Roman History originally in 1739
=561  \\$aEx libris Henry Will[ia]m Gregg Esq. (plate)
=648  \0$aClassical Antiquity (8th Century BC-6th Century AD)$1http://www.wikidata.org/entity/Q486761$921435
=648  \0$a17th Century (1601-1700)$1http://www.wikidata.org/entity/Q7016$920923
=650  \0$aHistory$1http://www.wikidata.org/entity/Q309$921403
=700  \\$4aut$aVossius, Gerardus Joannes$d1577-1649$1http://www.wikidata.org/entity/Q785925$96738
=942  \\$cBOO
=952  \\$00$10$2ddc$40$6KTS_1_000000000000000_C2_44_06I01$70$8RAR$91309$aORPH$bORPH$cKTS1_C2$d2020-07-08$eKoopman$l0$oKTS1 C2.44 06I01$p20139595$r2021-01-12 00:00:00$w2021-01-12$yBOO
=999  \\$d1309

