=LDR  01074aam a2200229   4500
=001  1310
=005  20250925143255.0
=008  221014s1923\\\\|||a||||\||||\00|\0\dut\d
=041  \\$adut
=100  \\$aDr. B. D. pr.$4aut$95969
=245  \\$aBidt en hoopt!$bKerkboek voor Roomsch Katholieken
=260  \\$aMechelen$bs.n.$c1923
=300  \\$a508 pages$billustrations, frontispiece lithograph, gilded edges
=561  \\$aEx libris A. W. Disselhorst schilder en behanger Haarle (Stamp)
=561  \\$aEx libris Wilhelmina G.M. Distelhorst 1927 (manuscript)
=590  \\$abevattende een uitgebreide verzameling van gebeden en godvruchtige oefeningen.
=648  \0$a20th Century (1901-2000)$1http://www.wikidata.org/entity/Q6927$920936
=650  \0$aCatholicism$1http://www.wikidata.org/entity/Q1841$921631
=650  \0$aPrayer$1http://www.wikidata.org/entity/Q40953$921486
=942  \\$cBOO
=952  \\$00$10$2ddc$40$6KTS_1_000000000000000_C2_44_06I02$70$8RAR$91310$aORPH$bORPH$cKTS1_C2$d2020-07-08$eKoopman$l0$oKTS1 C2.44 06I02$p20139596$r2021-01-12 00:00:00$w2021-01-12$yBOO
=999  \\$d1310

