=LDR  02367aam a2200325   4500
=001  1311
=005  20250923161048.0
=008  210903s1759\\\\||||||||\||||\00|\f\fre\d
=041  \\$afre
=100  \\$aLesage, Alain-René$d1668-1747$4aut$1http://www.wikidata.org/entity/Q267962$95970
=245  \\$aHistoire de Gil Blas de Santillane$nvol. 4
=250  \\$a2nd ed.
=260  \\$aParis$bLibraires associés$c1759
=300  \\$a[ii]-341-[5] pages$b6 plates, title page in red and black ink
=500  \\$aOf the six illustrated pages, the page depicting a guitarist in jail, is marked with an inserted paper cutting
=500  \\$abackmatter contains doodles, letters, names (Gotfrey Smith) and children's drawings in ink and pensil
=500  \\$aThe History of Gil Blas de Santillane is a picaresque novel, first published in 1715 with the release of books I to VI, then  continued in 1724 and ended in 1735. 
=500  \\$aThe novel consists of twelve books which are subdivided into chapters. The ancient inspiration marks the work up to its division into twelve books which reminds the twelve songs of the Aeneid. 
=500  \\$aLesage plays with the ancient and picaresque references that he diverts. The History of Gil Blas de Santillane is not a picaresque novel because the eponymous character climbs the social ladder as he goes along, unlike the picaro. The picaro wishes to attain wealth and nobility in vain, whereas Gil Blas becomes rich and obtains his letters of nobility. 
=500  \\$aAn episode from Gil Blas was the basis of two separate French operas in the 1790s, both with the same title: La caverne (1793) by Le Sueur and La caverne by Méhul (1795). 
=504  \\$ahttps://en.wikipedia.org/wiki/Gil_Blas
https://gallica.bnf.fr/essentiels/alain-rene-lesage/gil-blas
=534  \\$aOriginally published in 1715-35
=561  \\$aEx libris James Smith 1943 (manuscript)
=648  \0$a18th Century (1701-1800)$1http://www.wikidata.org/entity/Q7015$920899
=650  \0$aNovel$1http://www.wikidata.org/entity/Q8261$921629
=651  \0$aFrance$1http://www.wikidata.org/entity/Q142$9131
=942  \\$cBOO
=952  \\$00$10$2ddc$40$6KTS_1_000000000000000_C2_44_06I03$70$8RAR$91311$aORPH$bORPH$cKTS1_C2$d2020-07-08$eKoopman$l0$oKTS1 C2.44 06I03$p20139598$r2021-01-12 00:00:00$w2021-01-12$yBOO
=999  \\$d1311
=533  \\$aDigitized by iGuana, Spring 2025.

