=LDR  01030aam a2200229   4500
=001  1312
=008  221017s1750\\\\||||||||\||||\00|\m\fre\d
=041  \\$afre
=100  \\$aBoileau Despréaux, Nicolas$d1636-1711$4aut$1http://www.wikidata.org/entity/Q188857$94839
=245  \\$aŒuvres de M. Boileau Despreaux$n1/5
=260  \\$aParis$bDavid$bDurand$c1750
=300  \\$axxxii-310 pages
=500  \\$aOriginally published in 1747
=561  \\$aEx libris Vatelle (manuscript)
=648  \0$a18th Century (1701-1800)$1http://www.wikidata.org/entity/Q7015$920899
=650  \0$aLiterature$1http://www.wikidata.org/entity/Q8242$94439
=650  \0$aSatire$1http://www.wikidata.org/entity/Q128758$921636
=650  \0$aPoetry$1http://www.wikidata.org/entity/Q482$93026
=651  \0$aFrance$1http://www.wikidata.org/entity/Q142$9131
=942  \\$cBOO
=952  \\$00$10$2ddc$40$6KTS_1_000000000000000_C2_44_06I04$70$8RAR$91312$aORPH$bORPH$cKTS1_C2$d2020-07-08$eKoopman$l0$oKTS1 C2.44 06I04$p20139597$r2021-01-12 00:00:00$w2021-01-12$yBOO
=999  \\$d1312

