=LDR  01759aam a2200265   4500
=001  1313
=008  221017s1608\\\\||||||||\||||\00|\m\lat\d
=041  \\$alat
=100  \\$aPhrygius, Dares$d5th century$4aut$1http://www.wikidata.org/entity/Q544378$95971
=245  \\$aDaretis Phrygii Poëtarum & historicorum omnium primi De Bello Troiano, libri sex$bA Cornelio Nepote Latino carmine donati.
=260  \\$aAntwerp$bTrognæsius$c1608
=300  \\$a[xvi]-256 pages$bbound in white vellum
=500  \\$aUnder the pseudonym Dares Phrygius (a Trojan priest of Hephaestus), a Latin novel on the Trojan War entitled Acta diurna belli Troiani was published in the 5th century. This apparently goes back to a lost Greek original and represents a counter-draft to the work of Dictys Cretensis (4th century) , which treats the same material from a Greek perspective. 
=561  \\$aEx libris Josephi Michael Clinch 1786 (manuscript)
=561  \\$aEx libris Jois Leananiagis (manuscript)
=648  \0$aClassical Antiquity (8th Century BC-6th Century AD)$1http://www.wikidata.org/entity/Q486761$921435
=648  \0$a17th Century (1601-1700)$1http://www.wikidata.org/entity/Q7016$920923
=650  \0$aHistory$1http://www.wikidata.org/entity/Q309$921403
=650  \0$aNovel$1http://www.wikidata.org/entity/Q8261$921629
=650  \0$aPoetry$1http://www.wikidata.org/entity/Q482$93026
=700  \\$4aut$aNepos, Cornelius$dc. 110 BC-c. 25 BC$1http://www.wikidata.org/entity/Q109594$921561
=856  \\$uhttps://books.google.be/books?id=SGMTAAAAQAAJ$3Google Books
=942  \\$cBOO
=952  \\$00$10$2ddc$40$6KTS_1_000000000000000_C2_44_06I05$70$8RAR$91313$aORPH$bORPH$cKTS1_C2$d2020-07-08$eKoopman$l0$oKTS1 C2.44 06I05$p20139600$r2021-01-12 00:00:00$w2021-01-12$yBOO
=999  \\$d1313

