=LDR  02529aam a2200349   4500
=001  1315
=008  221018s1795\\\\|||f||||\||||\00|\d\eng\d
=041  \\$aeng
=100  \\$aMiller, James$d1704-1744$4aut$1http://www.wikidata.org/entity/Q6139777$96237
=245  \\$aMahomet$ba Tragedy
=260  \\$aLondon$bBell$c1795
=300  \\$a[i]-76-[2] pages$bengraved frontispiece
=500  \\$a Based on' Le Fanatisme, ou, Mahomet le prophete' by Voltaire, originally published in 1741
=500  \\$aMiller's play premiered in 1744 at Drury Lane and was originally published in 1759
=500  \\$aDedicated by the author's widow Dorothy Miller to Sir Edward Southwell, 21st Baron de Clifford
=500  \\$athe publisher, John Bell (1745-1831), was an important printer and typographer whose bookshop, 'British Library', was located in the Strand and who pioneered the regular s (instead of the long s) in English printing
=500  \\$aContains an Epilogue "Originally spoken by Mr Garrick" (The original Theatre Royal at Drury Lane cast included David Garrick as Zaphna)
=500  \\$aContains role assignment and casting for Covent Garden
=500  \\$afrontispiece engraving by William Satchwell Leney (1769-1831) after Samuel De Wilde (1751-1832) depicting Miss Wallis as Palmira in Act 3 scene 1 "I tremble Zaphna!"
=504  \\$ahttps://en.wikipedia.org/wiki/Mahomet_(play)
=504  \\$ahttps://en.wikipedia.org/wiki/Mahomet_the_Imposter
=590  \\$aAdapted for Theatrical Representation, as Performed at the Theatre-Royal, Covent-Garden. Regulated from the prompt-book, by permission of the manager. The Lines distinguished by inverted Commas, are omitted in the Representation
=610  \0$aTheatre Royal, Covent Garden (London, United Kingdom)$1http://www.wikidata.org/entity/Q55018$923267
=648  \0$a18th Century (1701-1800)$1http://www.wikidata.org/entity/Q7015$920899
=650  \0$aPlay (theater)$1http://www.wikidata.org/entity/Q25379$921414
=651  \0$aLondon (United Kingdom)$1http://www.wikidata.org/entity/Q84$9123
=700  \\$4aut$aHoadly, John$d1711-1776$1http://www.wikidata.org/entity/Q15070123$925188
=700  \\$4aut$aVoltaire$d1694-1778$1http://www.wikidata.org/entity/Q9068$95159
=856  \\$uhttps://babel.hathitrust.org/cgi/pt?id=chi.087600946&view=1up&seq=3$3Hathi Trust
=942  \\$cBOO
=952  \\$00$10$2ddc$40$6KTS_1_000000000000000_C2_44_06I07$70$8RAR$91315$aORPH$bORPH$cKTS1_C2$d2020-07-08$eKoopman$l0$oKTS1 C2.44 06I07$p20139601$r2021-01-12 00:00:00$w2021-01-12$yRAR
=999  \\$d1315

