=LDR  02446aam a2200337   4500
=001  1316
=005  20250923161048.0
=008  221018s1795\\\\|||f||||\||||\00|\d\eng\d
=041  \\$aeng
=100  \\$aMallet, David$dc. 1705-1765$4aut$1http://www.wikidata.org/entity/Q137534$95975
=245  \\$aEurydice. $bA Tragedy
=260  \\$aLondon$bCawthorn$c1795
=300  \\$a[i]-80 pages$bengraved frontispiece
=500  \\$aFrontispiece engraving by James Roberts II (1753-c. 1810) after Richard Wilson (1713-1782) depicting Mr [David] Garrick as Periander in Act 2 Scene 1 "Ha! By the moon's sad beams. I can decry" ; standing, whole length, gesturing up towards the sky with left hand, facing to the right; wearing classical skirt and tunic, with cape; on rocky shore; in oval frame. 
=500  \\$apremiered in London Theatre Royal Drury Lane, and published in the same year 1731
=500  \\$aPrologue by the English dramatist Aaron Hill, spoken by Robert Wilks (c. 1665-1732) a British actor and theatrical manager who was one of the leading managers of Theatre Royal, Drury Lane in its heyday of the 1710s. 
=500  \\$aEpilogue by Aaron Hill, "Spoken by a Girl in Boy's clothes, tripping in hastily"
=500  \\$aDedicated by the author to His Grace [James Graham] the Duke of Montrose.
=500  \\$aContains role assignment and casting for Drury Lane
=504  \\$ahttps://en.wikipedia.org/wiki/Eurydice_(Mallet_play)
=504  \\$ahttps://en.wikipedia.org/wiki/Eurydice_(Mallet_play)
=590  \\$aAdapted for Theatrical Representation, as Performed at the Theatre-Royal, Drury-Lane. Regulated from the prompt-book, by permission of the manager. The Lines distinguished by inverted Commas, are omitted in the Representation 
=610  \0$aTheatre Royal, Drury Lane (London, United Kingdom)$1http://www.wikidata.org/entity/Q1756626$921061
=648  \0$a18th Century (1701-1800)$1http://www.wikidata.org/entity/Q7015$920899
=650  \0$aPlay (theater)$1http://www.wikidata.org/entity/Q25379$921414
=651  \0$aLondon (United Kingdom)$1http://www.wikidata.org/entity/Q84$9123
=700  \\$4aut$aHill, Aaron$d1685-1750$1http://www.wikidata.org/entity/Q1647198$925190
=942  \\$cBOO
=952  \\$00$10$2ddc$40$6KTS_1_000000000000000_C2_44_06I08$70$8RAR$91316$aORPH$bORPH$cKTS1_C2$d2020-07-08$eKoopman$l0$oKTS1 C2.44 06I08$p20139602$r2021-01-12 00:00:00$w2021-01-12$yBOO
=999  \\$d1316
=533  \\$aDigitized by iGuana, Spring 2025.

