=LDR  02755aam a2200313   4500
=001  1317
=008  221018s1795\\\\|||f||||\||||\00|\d\eng\d
=041  \\$aeng
=100  \\$aBrown, John$d1715-1766$4aut$1http://www.wikidata.org/entity/Q2392898$95976
=245  \\$aBarbarossa$bA Tragedy
=260  \\$aLondon$bBell$c1795
=300  \\$a[i]-82 pages$bengraved frontispiece
=500  \\$aJohn Brown was an English Anglican priest, playwright and essayist. His major popular success was the Estimate of the Manners and Principles of the Times (2 vols., 1757–1758), a bitter satire. Brown knew Charles Avison, the Newcastle organist and composer, and wrote 'A dissertation on the rise, union, and power, the progressions, separations and corruptions of poetry and music' (1763).
=500  \\$aBrown's play premiered in 1754 at Drury Lane and was originally published in  1755
=500  \\$athe publisher, John Bell (1745-1831), was an important printer and typographer whose bookshop, 'British Library', was located in the Strand and who pioneered the regular s (instead of the long s) in English printing
=500  \\$aFrontispiece engraving by William Satchwell Leney (1769-1831) after Samuel De Wilde (1751-1832) depicting Miss Miller as Zaphira in Act 2 scene 1 "O my heart. Can I bear this. Inhuman tyrant! Curses on my head."  standing, whole length, gesturing up towards the sky with right hand clenched to a fist, facing to the left; in oval frame. 
=500  \\$aContains a prologue by David Garrick "and spoken by him in the character of a Country Boy"
=500  \\$aContains an Epilogue by David Garrick, "spoken by Mr Woodward in the character of a fine gentleman" / Henry Woodward (1714-1777) 

=500  \\$aContains role assignment and casting for Covent Garden 
=590  \\$aAdapted for Theatrical Representation, as Performed at the Theatre-Royal, Covent-Garden. Regulated from the prompt-book, by permission of the manager. The Lines distinguished by inverted Commas, are omitted in the Representation 
=610  \0$aTheatre Royal, Covent Garden (London, United Kingdom)$1http://www.wikidata.org/entity/Q55018$923267
=648  \0$a18th Century (1701-1800)$1http://www.wikidata.org/entity/Q7015$920899
=650  \0$aPlay (theater)$1http://www.wikidata.org/entity/Q25379$921414
=651  \0$aLondon (United Kingdom)$1http://www.wikidata.org/entity/Q84$9123
=700  \\$4aut$aGarrick, David$d1717-1779$1http://www.wikidata.org/entity/Q222390$95983
=856  \\$uhttps://books.google.be/books?id=R34uAAAAYAAJ$3Google Books
=942  \\$cBOO
=952  \\$00$10$2ddc$40$6KTS_1_000000000000000_C2_44_06I09$70$8RAR$91317$aORPH$bORPH$cKTS1_C2$d2020-07-08$eKoopman$l0$oKTS1 C2.44 06I09$p20139603$r2021-01-12 00:00:00$w2021-01-12$yBOO
=999  \\$d1317

