=LDR  02259aam a2200325   4500
=001  1318
=008  221018s1795\\\\|||f||||\||||\00|\d\eng\d
=041  \\$aeng
=100  \\$aKenrick, William$d1725-1779$4aut$1http://www.wikidata.org/entity/Q8013950$95977
=245  \\$aFalstaff's Wedding.$ba Comedy. Written in Imitation of Shakspere
=260  \\$aLondon$bCawthorn$c1795
=300  \\$a[i]-92 pages$bengraved frontispiece
=500  \\$aOriginally published in 1760 and first staged 1766
=500  \\$ain the original version, Falstaff, embittered, is drawn into a plot to kill Henry V
=500  \\$ain the second, it is a comedy about plans to marry into money
=500  \\$aFrontispiece engraving by James Roberts II (1753-c. 1810) after Robert Hartley Cromek (1770–1812)  depicting Mr [John] Henderson (1747-1785) as Falstaff in Act 5 Scene 1 "Therefore Toledo, rest thou, in thy scabbard. -This is my  ward -" ; standing, whole length, holding a shield abreast, leaning on a stick, facing to the left.
=500  \\$aDedicated by the author 'to the Acting Manager'
=500  \\$aContains a prologue "spoken by Mr. Dodd, in the Character of Mercury", and an epilogue "written for Mrs Pritchard. Spoken by Mrs. Hopkins. Enters, reading a Card"
=500  \\$aContains role assignment and casting forCovent-Garden
=504  \\$ahttps://en.wikipedia.org/wiki/Falstaff%27s_Wedding
=590  \\$aAdapted for Theatrical Representation, as Performed at the Theatre-Royal, Covent-Garden. Regulated from the prompt-book, by permission of the manager.
=610  \0$aTheatre Royal, Covent Garden (London, United Kingdom)$1http://www.wikidata.org/entity/Q55018$923267
=648  \0$a18th Century (1701-1800)$1http://www.wikidata.org/entity/Q7015$920899
=650  \0$aPlay (theater)$1http://www.wikidata.org/entity/Q25379$921414
=650  \0$aComedy$1http://www.wikidata.org/entity/Q40831$921436
=651  \0$aLondon (United Kingdom)$1http://www.wikidata.org/entity/Q84$9123
=856  \\$uhttps://books.google.be/books?id=Lq1bAAAAQAAJ$3Google Books
=942  \\$cBOO
=952  \\$00$10$2ddc$40$6KTS_1_000000000000000_C2_44_06I10$70$8RAR$91318$aORPH$bORPH$cKTS1_C2$d2020-07-08$eKoopman$l0$oKTS1 C2.44 06I10$p20139604$r2021-01-12 00:00:00$w2021-01-12$yBOO
=999  \\$d1318

