=LDR  02190aam a2200313   4500
=001  1319
=005  20250923161048.0
=008  221018s1792\\\\|||f||||\||||\00|\d\eng\d
=041  \\$aeng
=100  \\$aBickerstaff, Isaac$d1735-1812$4aut$1http://www.wikidata.org/entity/Q5575474$94750
=245  \\$aThe Hypocrite. $bA Comedy, Altered from C. Cibber
=260  \\$aLondon$bBell$c1792
=300  \\$a[i]-99 pages$bengraved frontispiece
=500  \\$aOriginally published in 1786
=500  \\$athe publisher, John Bell (1745-1831), was an important printer and typographer whose bookshop, 'British Library', was located in the Strand and who pioneered the regular s (instead of the long s) in English printing
=500  \\$acomedy adapted from Colley Cibber's 1717 play "The Non-Juror", itself inspired by Molière's Tartuffe. 
=500  \\$aFrontispiece engraving by Audinet after De Wilde depicting Mr [David] Fawcet Junior as Maw-Worm in Act 2  "And between you and me, doctor. I beleive Susy's breeding again" ; standing, whole length, holding a hat in both hands, facing front; in oval frame. 
=504  \\$ahttps://en.wikipedia.org/wiki/The_Hypocrite
=590  \\$aAdapted for Theatrical Representation, as Performed at the Theatres-Royal, Drury-Lane and Covent-Garden. Regulated from the prompt-book, by permission of the manager. The Lines distinguished by inverted Commas, are omitted in the Representation 
=610  \0$aTheatre Royal, Covent Garden (London, United Kingdom)$1http://www.wikidata.org/entity/Q55018$923267
=648  \0$a18th Century (1701-1800)$1http://www.wikidata.org/entity/Q7015$920899
=650  \0$aPlay (theater)$1http://www.wikidata.org/entity/Q25379$921414
=650  \0$aComedy$1http://www.wikidata.org/entity/Q40831$921436
=651  \0$aLondon (United Kingdom)$1http://www.wikidata.org/entity/Q84$9123
=700  \\$4aut$aCibber, Colley$d1671-1757$1http://www.wikidata.org/entity/Q918326$95408
=942  \\$cBOO
=952  \\$00$10$2ddc$40$6KTS_1_000000000000000_C2_44_06I11$70$8RAR$91319$aORPH$bORPH$cKTS1_C2$d2020-07-08$eKoopman$l0$oKTS1 C2.44 06I11$p20139605$r2021-01-12 00:00:00$w2021-01-12$yBOO
=999  \\$d1319
=533  \\$aDigitized by iGuana, Spring 2025.

