=LDR  02223aam a2200313   4500
=001  1320
=008  221018s1792\\\\|||e||||\||||\00|\d\eng\d
=041  \\$aeng
=100  \\$aKelly, Hugh$d1739-1777$4aut$1http://www.wikidata.org/entity/Q3142272$95979
=245  \\$aThe School for Wives.$b A Comedy
=250  \\$a1st ed.
=260  \\$aLondon$bBell$c1792
=300  \\$a[i]-132 pages$bengraved frontispiece
=500  \\$athe publisher, John Bell (1745-1831), was an important printer and typographer whose bookshop, 'British Library', was located in the Strand and who pioneered the regular s (instead of the long s) in English printing
=500  \\$aFrontispiece engraving by  John Thornthwaite, (b. 1740) after Samuel De Wilde (1751-1832) depicting Mrs Hunter as Mrs Belville in Act 5Scene 3 "And when you next disturbe à tete a tete..." ; standing, whole length, gesturing with left hand, holding a mask in her right, facing to the front; in oval frame.
=500  \\$apremiered in Drury Lane, 11 December 1773

=500  \\$aPrologue spoken by Mr King and Miss Younge
=500  \\$aContains role assignment and casting for Drury Lane 
=590  \\$aAdapted for Theatrical Representation, as Performed at the Theatre-Royal, Drury-Lane and Covent-Garden. Regulated from the prompt-books, by permission of the manager. The Lines distinguished by inverted Commas, are omitted in the Representation .
=610  \0$aTheatre Royal, Drury Lane (London, United Kingdom)$1http://www.wikidata.org/entity/Q1756626$921061
=610  \0$aTheatre Royal, Covent Garden (London, United Kingdom)$1http://www.wikidata.org/entity/Q55018$923267
=648  \0$a18th Century (1701-1800)$1http://www.wikidata.org/entity/Q7015$920899
=650  \0$aPlay (theater)$1http://www.wikidata.org/entity/Q25379$921414
=650  \0$aComedy$1http://www.wikidata.org/entity/Q40831$921436
=651  \0$aLondon (United Kingdom)$1http://www.wikidata.org/entity/Q84$9123
=856  \\$uhttps://books.google.be/books?id=49ZVAAAAcAAJ$3Google Books
=942  \\$cBOO
=952  \\$00$10$2ddc$40$6KTS_1_000000000000000_C2_44_06I12$70$8RAR$91320$aORPH$bORPH$cKTS1_C2$d2020-07-08$eKoopman$l0$oKTS1 C2.44 06I12$p20139606$r2021-01-12 00:00:00$w2021-01-12$yBOO
=999  \\$d1320

