=LDR  02162aam a2200301   4500
=001  1321
=008  221020s1792\\\\|||f||||\||||\00|\d\eng\d
=041  \\$aeng
=100  \\$aCibber, Colley$d1671-1757$4aut$1http://www.wikidata.org/entity/Q918326$95408
=245  \\$aXimena; or, The Heroic Daughter.$bA Tragedy
=260  \\$aLondon$bBell$c1792
=300  \\$a[i]- 88 pages$bengraved frontispiece
=500  \\$aOriginally published in 1712
=500  \\$abased on Pierre Corneille's 'Le Cid', but with a happy end
=500  \\$athe publisher, John Bell (1745-1831), was an important printer and typographer whose bookshop, 'British Library', was located in the Strand and who pioneered the regular s (instead of the long s) in English printing
=500  \\$aFrontispiece engraving by John Thornthwaite, (b. 1740) after Samuel De Wilde (1751-1832) depicting Mr John Palmer as Don Carlos in Act 5 "My injuril sword shall prove..."; standing, whole length, gesturing with a right fist, dressed in renaissance fashion, facing to the right; in oval frame. 
=500  \\$aContains role assignment and casting for Covent Garden
=500  \\$aEpilogue spoken by Ximena
=590  \\$aAdapted for theatrical representation, as performed at the Theatre-Royal, in Covent-Garden. Regulated from the prompt-book, by Permission of the manager. The Lines distinguished by inverted Commas, are omitted in the Representation 
=610  \0$aTheatre Royal, Drury Lane (London, United Kingdom)$1http://www.wikidata.org/entity/Q1756626$921061
=610  \0$aTheatre Royal, Covent Garden (London, United Kingdom)$1http://www.wikidata.org/entity/Q55018$923267
=648  \0$a18th Century (1701-1800)$1http://www.wikidata.org/entity/Q7015$920899
=650  \0$aPlay (theater)$1http://www.wikidata.org/entity/Q25379$921414
=651  \0$aLondon (United Kingdom)$1http://www.wikidata.org/entity/Q84$9123
=856  \\$uhttps://books.google.be/books?id=On1XAAAAcAAJ$3Google Books
=942  \\$cBOO
=952  \\$00$10$2ddc$40$6KTS_1_000000000000000_C2_44_06I13$70$8RAR$91321$aORPH$bORPH$cKTS1_C2$d2020-07-08$eKoopman$l0$oKTS1 C2.44 06I13$p20139607$r2021-01-12 00:00:00$w2021-01-12$yBOO
=999  \\$d1321

