=LDR  02399aam a2200313   4500
=001  1322
=008  221020s1792\\\\|||f||||\||||\00|\d\eng\d
=041  \\$aeng
=100  \\$aFarquhar, George$d1677-1707$4aut$1http://www.wikidata.org/entity/Q517634$95980
=245  \\$aThe Constant Couple; or, A Trip to the Jubilee.$b A Comedy
=260  \\$aLondon$bBell$c1792
=300  \\$a[i]-118 pages$bengraved frontispiece
=500  \\$aOriginally published in 1700
=500  \\$athe publisher, John Bell (1745-1831), was an important printer and typographer whose bookshop, 'British Library', was located in the Strand and who pioneered the regular s (instead of the long s) in English printing
=500  \\$aEpilogue spoken by Mr. Wilks (= famous actor Robert Wilks, c. 1665-1732) 
=500  \\$aFrontispiece engraving by William Satchwell Leney (1769-1831) after Samuel De Wilde (1751-1832) depicting Mrs Goodall as Sir Harry Wildair in Act 5  "Oh, the delights of love and burgundy!" ; standing, whole length, gesturing up towards the sky with right hand , facing to the right; in oval frame. 
=500  \\$aContains role assignment and casting for both Drury Lane and Covent Garden. Main character, Mr Wildair, played by a female actor in both occasions.
=504  \\$ahttps://en.wikipedia.org/wiki/The_Constant_Couple
=590  \\$aAdapted for Theatrical Representation, as Performed at the Theatres-Royal, Drury-Lane and Covent-Garden. Regulated from the prompt-book, by Permission of the manager. The Lines distinguished by inverted Commas, are omitted in the Representation 
=610  \0$aTheatre Royal, Covent Garden (London, United Kingdom)$1http://www.wikidata.org/entity/Q55018$923267
=610  \0$aTheatre Royal, Drury Lane (London, United Kingdom)$1http://www.wikidata.org/entity/Q1756626$921061
=648  \0$a18th Century (1701-1800)$1http://www.wikidata.org/entity/Q7015$920899
=650  \0$aPlay (theater)$1http://www.wikidata.org/entity/Q25379$921414
=650  \0$aComedy$1http://www.wikidata.org/entity/Q40831$921436
=651  \0$aLondon (United Kingdom)$1http://www.wikidata.org/entity/Q84$9123
=856  \\$uhttps://books.google.be/books?id=VzZWAAAAcAAJ$3Google Books
=942  \\$cBOO
=952  \\$00$10$2ddc$40$6KTS_1_000000000000000_C2_44_06I14$70$8RAR$91322$aORPH$bORPH$cKTS1_C2$d2020-07-08$eKoopman$l0$oKTS1 C2.44 06I14$p20139608$r2021-01-12 00:00:00$w2021-01-12$yBOO
=999  \\$d1322

