=LDR  02703aam a2200301   4500
=001  1323
=008  221020s1795\\\\|||f||||\||||\00|\d\eng\d
=041  \\$aeng
=100  \\$aRowe, Nicholas$d1674-1718$4aut$1http://www.wikidata.org/entity/Q1382306$95981
=245  \\$aThe Ambitious Step-Mother. A Tragedy
=260  \\$aLondon$bCawthorn; Bell$c1795
=500  \\$aNicholas Rowe's plays and poems were well-received during his lifetime, with one of his translations described as one of the greatest productions in English poetry. He's the first modern editor of the plays of William Shakespeare (1709)
=500  \\$aThe Ambitious Stepmother - Rowe's first play, produced in 1700 at Lincoln's Inn Fields by Thomas Betterton and set in Persepolis - was well received.
=500  \\$aThe publisher, John Bell (1745-1831), was an important printer and typographer whose bookshop, 'British Library', was located in the Strand and who pioneered the regular s (instead of the long s) in English printing
=500  \\$aFrontispiece engraving by William Satchwell Leney (1769-1831) after James Roberts Jr (1753-1809) depicting Mr Midleton as Artaxerxes in Act 5 Scene 1 "And see this weapon shall shield me from it"; standing, whole length, gesturing with left hand in a fist, holding a sword in right, facing to the right; dressed in oriental robe; in oval frame. 
=500  \\$aRoberts jr worked on a set of dramatic portraits, to be engraved for the book series Bell's British Theatre. These were for John Bell, and were executed from 1775 to 1781, as a collection of over 60 watercolours on vellum.
=500  \\$aContains role assignment and casting for Drury Lane 
=504  \\$ahttps://en.wikipedia.org/wiki/The_Ambitious_Stepmother
=590  \\$aAdapted for Theatrical Representation, as Performed at the Theatre-Royal, Drury-Lane. Regulated from the prompt-book, by Permission of the manager. The Lines distinguished by inverted Commas, are omitted in the Representation 
=610  \0$aTheatre Royal, Drury Lane (London, United Kingdom)$1http://www.wikidata.org/entity/Q1756626$921061
=648  \0$a18th Century (1701-1800)$1http://www.wikidata.org/entity/Q7015$920899
=650  \0$aPlay (theater)$1http://www.wikidata.org/entity/Q25379$921414
=651  \0$aLondon (United Kingdom)$1http://www.wikidata.org/entity/Q84$9123
=700  \\$4ill$aRoberts, James$d1753-1809$1http://www.wikidata.org/entity/Q6142248$925196
=856  \\$uhttps://books.google.be/books?id=OK1bAAAAQAAJ$3Google Books
=942  \\$cBOO
=952  \\$00$10$2ddc$40$6KTS_1_000000000000000_C2_44_06I15$70$8RAR$91323$aORPH$bORPH$cKTS1_C2$d2020-07-08$eKoopman$l0$oKTS1 C2.44 06I15$p20139609$r2021-01-12 00:00:00$w2021-01-12$yBOO
=999  \\$d1323

