=LDR  02667aam a2200361   4500
=001  1324
=008  221020s1792\\\\|||f||||\||||\00|\d\eng\d
=041  \\$aeng
=100  \\$aColman, George sr.$d1732-1794$4aut$1http://www.wikidata.org/entity/Q898147$95982
=245  \\$aThe Clandestine Marriage.$b A Comedy
=260  \\$aLondon$bBell$c1792
=300  \\$a[i]-128 pages$bengraved frontispiece
=500  \\$aOriginally published in 1766
=500  \\$apremiered in Drury Lane, 11 December 1766


=500  \\$aadapted in the year of this publication, 1792, into the libretto for Cimarosa's 'Il matrimonio segreto'
=500  \\$aFrontispiece engraving by John Thornthwaite, (b. 1740) after Samuel De Wilde (1751-1832) depicting Mr King as Lord Ogleby in Act 4 "I'll not be left among your Sterlings, your"; standing, whole length, holding tobacco and snuff box, facing to the front; in oval frame.
=500  \\$aContains role assignment and casting for Drury Lane 
=500  \\$aPrologue by David Garrick spoken by Mr Holland


=500  \\$aEpilogue in the form of a small play for 8 characters by David Garrick. Consist of spoken text interspersed with a Song, an Air, recitatives and a Chorus.
=500  \\$athe publisher, John Bell (1745-1831), was an important printer and typographer whose bookshop, 'British Library', was located in the Strand and who pioneered the regular s (instead of the long s) in English printing;
=504  \\$ahttps://en.wikipedia.org/wiki/The_Clandestine_Marriage
=590  \\$aAdapted for Theatrical Representation, as Performed at the Theatres-Royal, Drury-Lane and Covent-Garden. Regulated from the prompt-books, by permission of the manager. The Lines distinguished by inverted Commas, are omitted in the Representation . 
=610  \0$aTheatre Royal, Covent Garden (London, United Kingdom)$1http://www.wikidata.org/entity/Q55018$923267
=610  \0$aTheatre Royal, Drury Lane (London, United Kingdom)$1http://www.wikidata.org/entity/Q1756626$921061
=648  \0$a18th Century (1701-1800)$1http://www.wikidata.org/entity/Q7015$920899
=650  \0$aPlay (theater)$1http://www.wikidata.org/entity/Q25379$921414
=650  \0$aComedy$1http://www.wikidata.org/entity/Q40831$921436
=651  \0$aLondon (United Kingdom)$1http://www.wikidata.org/entity/Q84$9123
=700  \\$4aut$aGarrick, David$d1717-1779$1http://www.wikidata.org/entity/Q222390$95983
=856  \\$uhttps://books.google.hn/books?id=Xvv4MAAACAAJ
=942  \\$cBOO
=952  \\$00$10$2ddc$40$6KTS_1_000000000000000_C2_44_06I16$70$8RAR$91324$aORPH$bORPH$cKTS1_C2$d2020-07-08$eKoopman$l0$oKTS1 C2.44 06I16$p20139610$r2021-01-12 00:00:00$w2021-01-12$yBOO
=999  \\$d1324

