=LDR  01969aam a2200253   4500
=001  1325
=008  221020s1791\\\\|||f||||\||||\00|\d\eng\d
=041  \\$aeng
=100  \\$aCibber, Colley$d1671-1757$4aut$1http://www.wikidata.org/entity/Q918326$95408
=245  \\$aThe Careless Husband.$bA Comedy
=260  \\$aLondon$bBell$c1791
=300  \\$a[i]-130 pages$bengraved frontispiece
=500  \\$aPremiered and originally published in 1704
=500  \\$aFrontispiece engraving by John Thornthwaite, (b. 1740) after Samuel De Wilde (1751-1832) depicting Mr Farren as Sir Charles Easy in Act 5  "Mell, don't be uneasy  - I am not angry with you now - Come and kiss me."; sitting, right hand on breast, facing to the right; in oval frame. 
=500  \\$athe publisher, John Bell (1745-1831), was an important printer and typographer whose bookshop, 'British Library', was located in the Strand and who pioneered the regular s (instead of the long s) in English printing;
=500  \\$aContains role assignment and casting for Drury Lane  and Covent Garden
=500  \\$aDedicated to the most Illustrous John, Duke of Argyle
=504  \\$ahttps://en.wikipedia.org/wiki/The_Careless_Husband
=590  \\$aAdapted for Theatrical Representation, as Performed at the Theatres-Royal, Drury-Lane and Covent-Garden. Regulated from the Prompt-books, by permission of the managers. The Lines distinguished by inverted Commas, are omitted in the Representation . 
=650  \0$aPlay (theater)$1http://www.wikidata.org/entity/Q25379$921414
=856  \\$uhttps://books.google.be/books?id=ZdVVAAAAcAAJ&printsec=frontcover&dq=%22careless+husband%22+1791&hl=en&sa=X&ved=0ahUKEwjon7rQlMXoAhWMsaQKHYYaCLIQ6AEIJzAA#v=onepage&q=%22careless%20husband%22%201791&f=false$3Google Books
=942  \\$cBOO
=952  \\$00$10$2ddc$40$6KTS_1_000000000000000_C2_44_06I17$70$8RAR$91325$aORPH$bORPH$cKTS1_C2$d2020-07-08$eKoopman$l0$oKTS1 C2.44 06I17$p20139611$r2021-01-12 00:00:00$w2021-01-12$yBOO
=999  \\$d1325

