=LDR  02829aam a2200325   4500
=001  1326
=008  221020s1792\\\\|||f||||\||||\00|\d\eng\d
=041  \\$aeng
=100  \\$aRowe, Nicholas$d1674-1718$4aut$1http://www.wikidata.org/entity/Q1382306$95981
=245  \\$aJane Shore.$bA Tragedy
=260  \\$aLondon$bBell$c1792
=300  \\$a[i]-86 pages$bEngraved Frontispiece
=500  \\$aOriginally published in 1714
=500  \\$aNicholas Rowe (1674-1718) was the first editor of William Shakespeare
=500  \\$athe publisher, John Bell (1745-1831), was an important printer and typographer whose bookshop, 'British Library', was located in the Strand and who pioneered the regular s (instead of the long s) in English printing
=500  \\$aFrontispiece engraving by William Satchwell Leney (1769-1831) after William Hamilton (1751-1801) depicting Mrs Siddons as Jane Shore in Act 5 "But now 't is otherwise; and those who bless'd me, now curse me to my face"; standing, whole length, hands clasped with rosary, facing to the right, long loose hair, simple white dress; in oval frame. 
=500  \\$aContains role assignment and casting for Drury Lane and Covent Garden 
=500  \\$aDedicated to "His grace of the Duke of Queensbury and Dover, Marquis of Beverly &c." (Charles Douglas, 3rd Duke of Queensberry, 2nd Duke of Dover (1698-1778) Scottish nobleman, extensive landowner, Privy Counsellor and Vice Admiral of Scotland)
=500  \\$aBased on the historical figure of Elizabeth "Jane" Shore (née Lambert) (c. 1445 – c. 1527) one of the many mistresses of King Edward IV of England. She became the best-known to history through being later accused of conspiracy by the future King Richard III, and compelled to do public penance.
=504  \\$ahttps://en.wikipedia.org/wiki/Jane_Shore_(play)
=590  \\$aAdapted for Theatrical Representation, as Performed at the Theatres-Royal, Drury-Lane and Covent-Garden. Regulated from the prompt-book, by Permission of the manager. The Lines distinguished by inverted Commas, are omitted in the Representation 
=610  \0$aTheatre Royal, Drury Lane (London, United Kingdom)$1http://www.wikidata.org/entity/Q1756626$921061
=610  \0$aTheatre Royal, Covent Garden (London, United Kingdom)$1http://www.wikidata.org/entity/Q55018$923267
=648  \0$a18th Century (1701-1800)$1http://www.wikidata.org/entity/Q7015$920899
=650  \0$aPlay (theater)$1http://www.wikidata.org/entity/Q25379$921414
=651  \0$aLondon (United Kingdom)$1http://www.wikidata.org/entity/Q84$9123
=856  \\$uhttps://books.google.be/books?id=NIMTAAAAQAAJ$3edition 1776
=942  \\$cBOO
=952  \\$00$10$2ddc$40$6KTS_1_000000000000000_C2_44_06I18$70$8RAR$91326$aORPH$bORPH$cKTS1_C2$d2020-07-08$eKoopman$l0$oKTS1 C2.44 06I18$p20139612$r2021-01-12 00:00:00$w2021-01-12$yBOO
=999  \\$d1326

