=LDR  02066aam a2200301   4500
=001  1327
=008  221031s1791\\\\|||f||||\||||\00|\d\eng\d
=041  \\$aeng
=100  \\$aFarquhar, George$d1677-1707$4aut$1http://www.wikidata.org/entity/Q517634$95980
=245  \\$aThe Beaux' Stratagem.$bA Comedy
=260  \\$aLondon$bBell$c1791
=300  \\$a[i]-110 pages$bengraved frontispiece
=500  \\$aFirst produced and originally published in 1707
=500  \\$athe publisher, John Bell (1745-1831), was an important printer and typographer whose bookshop, 'British Library', was located in the Strand and who pioneered the regular s (instead of the long s) in English printing;
=500  \\$aFrontispiece engraving after Samuel De Wilde (1751-1832) depicting the Earl of Barrymore as Scrub and Captian Wather as Archer in Act 3, both seated
=500  \\$aContains role assignment and casting for Drury Lane and Covent Garden
=504  \\$ahttps://en.wikipedia.org/wiki/The_Beaux%27_Stratagem
=590  \\$aAdapted for theatrical representation, as performed at the Theatres-Royal, Drury-Lane and Covent-Garden. Regulated from the prompt-books, by permission of the managers. The Lines distinguished by inverted Commas, are omitted in the Representation . 
=610  \0$aTheatre Royal, Drury Lane (London, United Kingdom)$1http://www.wikidata.org/entity/Q1756626$921061
=610  \0$aTheatre Royal, Covent Garden (London, United Kingdom)$1http://www.wikidata.org/entity/Q55018$923267
=648  \0$a18th Century (1701-1800)$1http://www.wikidata.org/entity/Q7015$920899
=650  \0$aPlay (theater)$1http://www.wikidata.org/entity/Q25379$921414
=650  \0$aComedy$1http://www.wikidata.org/entity/Q40831$921436
=651  \0$aLondon (United Kingdom)$1http://www.wikidata.org/entity/Q84$9123
=856  4\$uhttps://books.google.bs/books?id=TzZWAAAAcAAJ
=942  \\$cBOO
=952  \\$00$10$2ddc$40$6KTS_1_000000000000000_C2_44_06I19$70$8RAR$91327$aORPH$bORPH$cKTS1_C2$d2020-07-08$eKoopman$l0$oKTS1 C2.44 06I19$p20139613$r2021-01-12 00:00:00$w2021-01-12$yBOO
=999  \\$d1327

