=LDR  02714aam a2200325   4500
=001  1328
=008  221031s1791\\\\|||f||||\||||\00|\d\eng\d
=041  \\$adut
=100  \\$aRacine, Jean$d1639-1699$4aut$1http://www.wikidata.org/entity/Q742$95767
=245  \\$aThe Distrest Mother. $bA Tragedy. Translated from the Andromaque of Racine
=260  \\$aLondon$bBell$c1791
=300  \\$a[i]-80 pages$bengraved frontispiece
=500  \\$aOriginally published as 'Andromaque' (1667)
=500  \\$atranslation/adaptation first produced at Drury Lane Theatre and first printed in 1712
=500  \\$athe publisher, John Bell (1745-1831), was an important printer and typographer whose bookshop, 'British Library', was located in the Strand and who pioneered the regular s (instead of the long s) in English printing;
=500  \\$aPhilips' neoclassical tragedy is an adaptation of Jean Racine's Andromaque, which is, in turn, an adaptation of the Euripides' ancient Greek tragedy Andromache (ca. 426 BC). Philip took Racine's play and moulded it to appeal to English taste. 
=500  \\$aDedicated to "Her Grace the Dutchess of Montague"
=500  \\$aContains role assignment and casting for Drury Lane and Covent Garden 
=500  \\$aPrologue written by Mr. Steele (Richard Steele, 1672-1729)
=500  \\$aEpilogue written by Mr. Budgell, of the Inner Temple, Spoken by Andromache (Eustace Budgell, 1687-1737, English writer and politician, member of the Inner Temple, one of the four Inns of Court and a professional association for barristers and judges)
=500  \\$a Frontispiece engraving by John Thornthwaite, (b. 1740) after Samuel De Wilde (1751-1832) depicting Mr Farren as Orestes in Act 1 scene 1 "Madam, tis done; your orders are obeyed: The Tyrant lies expiring at the altar"; standing, left hand gesturing, right hand holding a sword, facing diagonal; in oval frame. 
=590  \\$aAdapted for Theatrical Representation, as Performed at the Theatres-Royal, Drury-Lane, and Covent-Garden. Regulated from the Prompt-books, by Permission of the Managers. The Lines distinguished by inverted Commas, are omitted in the Representation . 
=650  \0$aPlay (theater)$1http://www.wikidata.org/entity/Q25379$921414
=700  \\$4trl$4adp$aPhilips, Ambrose$d1674-1749$1http://www.wikidata.org/entity/Q2404968$96036
=700  \\$4adp$aEuripides$d480BC-406BC)$1http://www.wikidata.org/entity/Q48305$95566
=765  \\$aAndromaque
=856  \\$uhttps://books.google.bj/books?id=I_cVAAAAYAAJ
=942  \\$cBOO
=952  \\$00$10$2ddc$40$6KTS_1_000000000000000_C2_44_06I20$70$8RAR$91328$aORPH$bORPH$cKTS1_C2$d2020-07-08$eKoopman$l0$oKTS1 C2.44 06I20$p20139614$r2021-01-12 00:00:00$w2021-01-12$yBOO
=999  \\$d1328

