=LDR  02177aam a2200301   4500
=001  1329
=008  221018s1791\\\\|||f||||\||||\00|\d\eng\d
=041  \\$aeng
=100  \\$aSteele, Richard$d1672-1729$4aut$1http://www.wikidata.org/entity/Q333148$95443
=245  \\$aThe Conscious Lovers. $bA Comedy
=260  \\$aLondon$bBell$c1791
=300  \\$a[i]-111 pages$bengraved frontispiece
=500  \\$aSentimental comedy written in five acts, premiered at Theatre Royal, Drury Lane in 1722.
=500  \\$aThe publisher, John Bell (1745-1831), was an important printer and typographer whose bookshop, 'British Library', was located in the Strand and who pioneered the regular s (instead of the long s) in English printing;
=500  \\$aFrontispiece engraving by Conner after Samuel De Wilde (1751-1832) depicting Mr Palmer as Tom in Act 3 Scene 1 "I would not be a bit richer, a bit taller, a bit shorter, than I am at this instant." ; standing, whole length, gesturing with right to the chest, hat in left hand, facing front; in oval frame. 
=500  \\$aEpilogue spoken by Indiana
=500  \\$aContains role assignment and casting for Covent Garden
=504  \\$ahttps://en.wikipedia.org/wiki/The_Conscious_Lovers
=590  \\$aAdapted for theatrical representation, as performed at the Theatre-Royal, in Covent-Garden. Regulated from the prompt-books, by permission of the managers. The Lines distinguished by inverted Commas, are omitted in the Representation . 
=610  \0$aTheatre Royal, Covent Garden (London, United Kingdom)$1http://www.wikidata.org/entity/Q55018$923267
=648  \0$a18th Century (1701-1800)$1http://www.wikidata.org/entity/Q7015$920899
=650  \0$aPlay (theater)$1http://www.wikidata.org/entity/Q25379$921414
=650  \0$aComedy$1http://www.wikidata.org/entity/Q40831$921436
=651  \0$aLondon (United Kingdom)$1http://www.wikidata.org/entity/Q84$9123
=856  \\$uhttps://books.google.be/books?id=4Q1AAAAAYAAJ$3Google Books
=942  \\$cBOO
=952  \\$00$10$2ddc$40$6KTS_1_000000000000000_C2_44_06I21$70$8RAR$91329$aORPH$bORPH$cKTS1_C2$d2020-07-08$eKoopman$l0$oKTS1 C2.44 06I21$p20139615$r2021-01-12 00:00:00$w2021-01-12$yBOO
=999  \\$d1329

