=LDR  02864aam a2200325   4500
=001  1330
=008  221208s1701\\\\|||ac|||\||||\00|\d\fre\d
=041  \\$afre
=100  \\$aCorneille, Pierre$d1606-1684$4aut$1http://www.wikidata.org/entity/Q747$95207
=245  \\$aLe Theatre de P. Corneille
=250  \\$arev. ed.
=260  \\$aAmsterdam$bDesbordes$c1701
=300  \\$a5 vols. (xlviii-452+xlviii-416+xxiii-487+[ii]-479+[ii]-382 pages)$btitle pages in red and black ink, vol. 1 double paged frontispiece engraving, illustrations, 
=505  \\$gvol. 1: D. Danche d'Arragon -- Nicomède -- Pertharite -- Œdipe -- La Toison d'or -- Sertorius -- Sophonisbe; vol. 2: Le Cid -- Les Sentimens de l'Académie françoise sur le Cid -- Observations de M. de Scudéry sur le Cid -- Médée -- Horace -- Cinna -- Polyeucte martyr -- L'Illusion comique -- vol. 3: Mélite -- Clitandre -- La Veuve -- La Galerie du palais -- La Suivante -- La Place royale -- vol. 4: Othon -- Agésilas -- Attila -- Tite et Berenice -- Fulcherie -- Suréna -- vol. 5: Pompée -- Théodore -- Rodogune -- Héraclius -- Andromède -- Le Menteur -- La Suite du Menteur
=561  \\$aEx libris A V D Steen 1934 (manuscript)
=563  \\$aLeather-bound, with embossed gilded spine and marbled edges
=590  \\$aNouvelle Edition  revuë, augmentée des Pieces don l'Avis au Lecteur fait mention, & enrichie de tailles-douces
=610  \0$aComédie-Française (Paris, France)$1http://www.wikidata.org/entity/Q61460498$920931
=648  \0$a17th Century (1601-1700)$1http://www.wikidata.org/entity/Q7016$920923
=650  \0$aTragedy$1http://www.wikidata.org/entity/Q80930$924998
=650  \0$aComedy$1http://www.wikidata.org/entity/Q40831$921436
=651  \0$aParis (France)$1http://www.wikidata.org/entity/Q90$9160
=856  \\$uhttps://books.google.be/books?id=sEJaAAAAcAAJ$3vol. 5
=942  \\$cBOO
=952  \\$00$10$2ddc$3vol. 1$40$6KTS_1_000000000000000_C2_52_06J01$70$8RAR$91330$aORPH$bORPH$cKTS1_C2$d2020-07-08$eKoopman$l0$oKTS1 C2.52 06J01$p20139859$r2021-01-12 00:00:00$w2021-01-12$yBOO
=952  \\$00$10$2ddc$3vol. 2$40$6KTS_1_000000000000000_C2_52_06J02$70$8RAR$922303$aORPH$bORPH$cKTS1_C2$d2020-07-08$eKoopman$l0$oKTS1 C2.52 06J02$p20139860$r2022-12-08 00:00:00$w2021-01-12$yBOO
=952  \\$00$10$2ddc$3vol. 3$40$6KTS_1_000000000000000_C2_52_06J03$70$8RAR$922304$aORPH$bORPH$cKTS1_C2$d2020-07-08$eKoopman$l0$oKTS1 C2.52 06J03$p20139861$r2022-12-08 00:00:00$w2021-01-12$yBOO
=952  \\$00$10$2ddc$3vol. 4$40$6KTS_1_000000000000000_C2_52_06J04$70$8RAR$922305$aORPH$bORPH$cKTS1_C2$d2020-07-08$eKoopman$l0$oKTS1 C2.52 06J04$p20139862$r2022-12-08 00:00:00$w2021-01-12$yBOO
=952  \\$00$10$2ddc$3vol. 5$40$6KTS_1_000000000000000_C2_52_06J05$70$8RAR$922306$aORPH$bORPH$cKTS1_C2$d2020-07-08$eKoopman$l0$oKTS1 C2.52 06J05$p20139863$r2022-12-08 00:00:00$w2021-01-12$yBOO
=999  \\$d1330

