=LDR  02294aam a2200313   4500
=001  1331
=008  221212s1664\\\\||||||||\||||\00|\0\lat\d
=041  \\$alat
=100  \\$aHegenitius, Gottfried$dca. 1596-after 1646 $4aut$1http://www.wikidata.org/entity/Q55124479$95985
=100  \\$aLoysius, Georg$4aut$95986
=100  \\$aOrtelius, Abraham$d1527-1598$4aut$1http://www.wikidata.org/entity/Q232916$95987
=245  \\$aItinerarium frisio-hollandicum et Abr. Ortelii itinerarium gallo-brabanticum.
=250  \\$a3rd ed.
=260  \\$aLeiden$bVerbiest$c1667
=300  \\$a[viii]-283-[5] pages$bbound in red leather
=500  \\$afirst part (itinerarium Frisio-Hollandicum) first published in 1630; the second part (Itinerarium gallo-brabanticum) was added in a second edition of 1661, and the third part (Georgeii Loysii Pervigilium Mercurii) added in a third edition of 1667
=500  \\$aThe Amsterdam  tavern ' D’Os in de Bruiloft' run by the scholar Theunisz, was a well-known gathering place for discussion and debate, especially pertaining to matters of religion and natural philosophy. The German lawyer Gottfried Hegenitius visited it in 1627 and described Theunisz’s establishment as a music hall that included wonderful fountain work as well as extremely unusual and hitherto unknown 59 devices and musical instruments
=504  \\$aincludes an index
=590  \\$aIn quibus quae visu, qae lectu digna. Accedit Georgii Loysii C. V. Pervigilium Mercurii, In quo agitur de praesentissimis peregrinantis virtutibus. Edition ultima, auctior & emedatior.
=648  \0$a17th Century (1601-1700)$1http://www.wikidata.org/entity/Q7016$920923
=650  \0$aTravel$1http://www.wikidata.org/entity/Q61509$94440
=650  \0$aHistory$1http://www.wikidata.org/entity/Q309$921403
=650  \0$aPilgrimage$1http://www.wikidata.org/entity/Q1644573$924755
=651  \0$aNetherlands$1http://www.wikidata.org/entity/Q55$9173
=651  \0$aBrabant (Belgium)$1http://www.wikidata.org/entity/Q3051218$924954
=856  \\$uhttps://books.google.be/books?id=ElxbAAAAQAAJ$3Google Books
=942  \\$cBOO
=952  \\$00$10$2ddc$40$6KTS_1_000000000000000_C2_52_06J06$70$8RAR$91331$aORPH$bORPH$cKTS1_C2$d2020-07-08$eKoopman$l0$oKTS1 C2.52 06J06$p20139864$r2021-01-12 00:00:00$w2021-01-12$yBOO
=999  \\$d1331

