=LDR  02018aam a2200289   4500
=001  1332
=008  221212s1813\\\\||||||||\||||\00|\m\fre\d
=041  \\$afre
=100  \\$aBoileau Despréaux, Nicolas$d1636-1711$4aut$1http://www.wikidata.org/entity/Q188857$94839
=245  \\$aŒuvres
=260  \\$aParis$bDidot$c1813
=300  \\$a2 vols. (xxiii-322+[iv]-330 pages)$bleather bound, gilt and coloured embossed spine, marbled endpapers
=500  \\$aNicolas  Boileau is best known as a poet, writer, critic and for his leading role in a major literary dispute between two opposing currents in the late 17th century, which became known as a struggle between the classics and the moderns. He did much to reform the prevailing form of French poetry, in the same way that Blaise Pascal did to reform the prose. He was greatly influenced by Horace. 
=561  \\$aEx libris L. S. v. Praag (plate)
=561  \\$aEx libris Bibliotheek Amsterdam R.K. Lyceum voor meisjes (Stamp)
=648  \0$a17th Century (1601-1700)$1http://www.wikidata.org/entity/Q7016$920923
=648  \0$a18th Century (1701-1800)$1http://www.wikidata.org/entity/Q7015$920899
=648  \0$a19th Century (1801-1900)$1http://www.wikidata.org/entity/Q6955$920935
=650  \0$aLiterature$1http://www.wikidata.org/entity/Q8242$94439
=650  \0$aSatire$1http://www.wikidata.org/entity/Q128758$921636
=650  \0$aPoetry$1http://www.wikidata.org/entity/Q482$93026
=856  \\$uhttps://babel.hathitrust.org/cgi/pt?id=hvd.hwax8p&view=1up&seq=9$3vol.1
=856  \\$uhttps://babel.hathitrust.org/cgi/pt?id=hvd.hwax8q&view=1up&seq=1$3vol.2
=942  \\$cBOO
=952  \\$00$10$2ddc$3vol. 1$40$6KTS_1_000000000000000_C2_52_06J07$70$8RAR$91332$aORPH$bORPH$cKTS1_C2$d2020-07-08$eKoopman$l0$oKTS1 C2.52 06J07$p20139865$r2021-01-12 00:00:00$w2021-01-12$yBOO
=952  \\$00$10$2ddc$3vol. 2$40$6KTS_1_000000000000000_C2_52_06J08$70$8RAR$922307$aORPH$bORPH$cKTS1_C2$d2020-07-08$eKoopman$l0$oKTS1 C2.52 06J08$p20139866$r2022-12-12 00:00:00$w2021-01-12$yBOO
=999  \\$d1332

