=LDR  02367aam a2200313   4500
=001  1333
=008  221212s1732\\\\|||a||||\||||\00|\0\grc\d
=041  \\$agrc
=245  \\$aLuciani Samosatensis: Colloquia Selecta & Timon; Cebetis Thebani: Tabula; Menandri: sententiæ morales
=260  \\$aAmsterdam$bWetsten; Smith$c1732
=300  \\$a168 pages$bfrontispiece engraving, title page in red and black ink, manuscript notes and doodles, bound in white vellum 
=500  \\$aLucian of Samosata is a  second-century Hellenized Syrian satirist, rhetorician and pamphleteer who is best known for his characteristic tongue-in-cheek style, with which he frequently ridiculed superstition, religious practices, and belief in the paranormal.
=500  \\$aCebes is a 1st century Neo-Pythagorean philosopher, disciple of Virgil
=500  \\$aAn admirer and imitator of Euripides, Menander resembles him in his keen observation of practical life, his analysis of the emotions, and his fondness for moral maxims. These (chiefly monostichs) were afterwards collected, and, with additions from other sources, were edited as Menander's One-Verse Maxims, a kind of moral textbook for the use of schools
=500  \\$aTiberius Hemsterhuis (1685-1766) is a philologist
=561  \\$aEx libris Coninck Westenberg (Plate)
=561  \\$aEx libris W. de Jongh 1840 (manuscript)
=648  \0$aClassical Antiquity (8th Century BC-6th Century AD)$1http://www.wikidata.org/entity/Q486761$921435
=650  \0$aMoral education$1http://www.wikidata.org/entity/Q25457248$93171
=650  \0$aSatire$1http://www.wikidata.org/entity/Q128758$921636
=650  \0$aPhilosophy$1http://www.wikidata.org/entity/Q5891$92357
=700  \\$4aut$aLucian of Samosata$dca.125-ca.180$1http://www.wikidata.org/entity/Q177847$95988
=700  \\$4aut$aMenander$dc. 342/41-c.290 BC$1http://www.wikidata.org/entity/Q118992$95990
=700  \\$4aut$aCebes Thebanus$dfl. 1st cent.$1http://www.wikidata.org/entity/Q61474568$95991
=700  \\$4edt$aHemsterhuis, Tiberius$d1685-1766$1http://www.wikidata.org/entity/Q741901$95989
=856  \\$uhttps://books.google.be/books?id=7SZQAAAAcAAJ$3Google Books
=942  \\$cBOO
=952  \\$00$10$2ddc$40$6KTS_1_000000000000000_C2_52_06J09$70$8RAR$91333$aORPH$bORPH$cKTS1_C2$d2020-07-08$eKoopman$l0$oKTS1 C2.52 06J09$p20139867$r2021-01-12 00:00:00$w2021-01-12$yBOO
=999  \\$d1333

