=LDR  02035aam a2200289   4500
=001  1334
=008  211102s1697\\\\|||a||||\||||\00|\|\dut\d
=041  \\$adut$hlat
=100  \\$aOvidius$d43 BC-17$4aut$1http://www.wikidata.org/entity/Q7198$95683
=245  \\$aAlle de werken van P. Ovidius Naso$n1-3/3
=260  \\$aAmsterdam$bMortier$c1697
=300  \\$a3 vols. ([xiv]-256+[iv]-382+[iv]-338-[42] pages)$bbound in white vellum, frontispiece engravings, illustrations, pensil notes & markings
=500  \\$aSome of the illustrations are signed by Coenraet Decker, Dutch Golden Age engraver (1650-1685)
=504  \\$aVol.3 includes an index
=505  \\$gVol. 1: Princesse-brieven -- Minne-digten -- Vrij-konst -- Minne-baat -- Blanketstel -- Nooten-boom$gVol. 2: Herscheppingen - Ibis$gVol. 3: Almanak -- Klaag-liederen -- Droefheid in Pontus -- Troost-digt aan Livia
=561  \\$aVol.2 Ex Libris  L L (CB?)wuenhayes 1899 (manuscript)
=648  \0$aClassical Antiquity (8th Century BC-6th Century AD)$1http://www.wikidata.org/entity/Q486761$921435
=648  \0$a17th Century (1601-1700)$1http://www.wikidata.org/entity/Q7016$920923
=650  \0$aPoetry$1http://www.wikidata.org/entity/Q482$93026
=650  \0$aMythology$1http://www.wikidata.org/entity/Q9134$921600
=650  \0$aLiterature$1http://www.wikidata.org/entity/Q8242$94439
=856  \\$uhttps://books.google.be/books?id=rTpHAAAAcAAJ$3Google Books
=942  \\$cBOO
=952  \\$00$10$2ddc$3vol. 1$40$6KTS_1_000000000000000_C1_02_06J10_01$70$8RAR$91334$aORPH$bORPH$cKTS1_C1$d2020-07-08$eKoopman$oKTS1 C1.02 06J10_01$p20139868$r2021-01-12 00:00:00$w2021-01-12$yBOO
=952  \\$00$10$2ddc$3vol. 2$40$6KTS_1_000000000000000_C1_02_06J10_02$70$8RAR$920876$aORPH$bORPH$cKTS1_C1$d2020-07-08$eKoopman$oKTS1 C1.02 06J10_02$p20139869$r2021-11-02 00:00:00$w2021-01-12$yBOO
=952  \\$00$10$2ddc$3vol. 3$40$6KTS_1_000000000000000_C1_02_06J10_03$70$8RAR$920877$aORPH$bORPH$cKTS1_C1$d2020-07-08$eKoopman$oKTS1 C1.02 06J10_03$p20139870$r2021-11-02 00:00:00$w2021-01-12$yBOO
=999  \\$d1334

