=LDR  03011adm a2200385   4500
=001  1339
=008  210309n\\\\\\\\be\||le||||||\00|\0\fre\d
=041  \\$afre
=047  \\$adf
=059  \\$avn
=100  \\$aExaudet, André-Joseph$dc. 1710-1762$4cmp$1http://www.wikidata.org/entity/Q516384$95993
=245  \\$a[Petit cahier manuscrit à l'usage d'un violoniste]
=260  \\$as.l.$cc. 1800
=300  \\$a29 pages$c16x9 cm$boblong
=500  \\$aMelodic parts of songs and dances; 42 numbered pieces in one hand, 3 pieces marked "1824" in another hand (Allemande vivace, Il Pescator, Valse moderato). Probably intended for use by a dancing master, judging from the contents and dimensions. Contains various dance forms: valses, contredanses, menuets, allemandes, cotillon, rondes paysannes, and tambourin
=500  \\$aSeparate leaflet with notes from a former owner: "Main A: 42 pieces [Exaudet (11), Grétry (16,34), Martini (41), Monsigny (19), etc...] | Main B: 3 pièces ajoutées en 1824"
=500  \\$aNo. 11, the 'Menuet d'Exaudet' was a popular couple-dance of which there remains a choreographic notation by Claude-Marc Magny in his 'Principes de chorégraphie' (Paris, 1765); no. 16, the 'Marche de Huron', originates from Grétry's opéra-comique 'Le Huron' (1768); no. 34, 'Andante Nos cœurs', originates from Grétry's opéra-comique 'Silvain' (1770); no. 19 is the overture of Monsigny's opéra-comique 'Le Déserteur' (1769)
=533  \\$aDigitized by iGuana, Spring 2022
=561  \\$a"Petit cahier manuscrit à l'usage d'un violoniste, acheté à Avallon en juillet 1978" (ms.)
=610  \0$aOpéra-Comique (Paris, France)$1http://www.wikidata.org/entity/Q872222$920953
=648  \0$a18th Century (1701-1800)$1http://www.wikidata.org/entity/Q7015$920899
=648  \0$a19th Century (1801-1900)$1http://www.wikidata.org/entity/Q6955$920935
=650  \0$aInstrumental music$1http://www.wikidata.org/entity/Q639197$92106
=650  \0$aViolin$1http://www.wikidata.org/entity/Q8355$92783
=650  \0$aDance$1http://www.wikidata.org/entity/Q6034$924845
=650  \0$aOverture$1http://www.wikidata.org/entity/Q202287$921591
=651  \0$aFrance$1http://www.wikidata.org/entity/Q142$9131
=700  \\$aGrétry, André-Ernest-Modeste$d1741-1813$4cmp$1http://www.wikidata.org/entity/Q210962$94756
=700  \\$aMartín y Soler, Vicente$d1754-1806$4cmp$1http://www.wikidata.org/entity/Q377409$95850
=700  \\$aMonsigny, Pierre-Alexandre$d1729-1817$4cmp$1http://www.wikidata.org/entity/Q705124$95419
=856  \\$uhttps://uv-v4.netlify.app/#?manifest=https://sharedcanvas.be/IIIF/manifests/68a5bff9-4a3f-11ed-bca1-d0cb606fa2dd$3Orpheus Instituut - Shared Canvas viewer
=856  \\$uhttps://sharedcanvas.be/IIIF/manifests/68a5bff9-4a3f-11ed-bca1-d0cb606fa2dd$3IIIF manifest
=942  \\$cMS
=952  \\$00$10$2ddc$40$6KTS_1_000000000000000_C1_03_05B46$70$8RAR$91339$aORPH$bORPH$cKTS1_C1$d2020-07-08$eKoopman$oKTS1 C1.03 05B46$p20136088$r2021-01-12 00:00:00$w2021-01-12$yMS
=999  \\$d1339

