=LDR  02096    a2200301   4500
=001  1340
=008  210604s1631\\\\\\\a||||\||||\00|\p\dut\d
=041  \\$adut$hlat
=100  \\$aBourgoingne, Anton van$d1594-1657$4aut$95994
=245  \\$aGhebreken der tonghe ende middelen om die te verbeteren
=260  \\$aAntwerp$bCnobbaert$c1631
=300  \\$a[xvi]-381 pages$boblong, bound in white vellum, illustrations, engraved frontispiece
=500  \\$aNeolatine poetry, emblema, influence of Desiderius Erasmus
=500  \\$aOriginally published in  latin as 'Linguae vitia et remedia (Antwerp, Joannes Cnobbaert, 1631). A modern edition of the Latin text, by Toon Van Houdt, was published by Brepols in 1999.
=500  \\$aAnton vann Bourgoigne  born in Bruges to an illegitimate line of descent from the medieval dukes of Burgundy, was a prelate and author of emblem books in the 17th-century Low Countries
=500  \\$aThe work isstrongly inspired by 'Lingua 'by Erasmus. Early on in the Middle Ages, the deadly sins split off into 'the sins of the tongue'. The emblem volume has 94 engravings by Jacobus Neefs (1610-1665) and Andreas Pauli (1600-1639). Each print contains a verse about 'quade tonghen'. The series of forty-five sins are followed by 'means to remedy the defects'
=648  \0$a17th Century (1601-1700)$1http://www.wikidata.org/entity/Q7016$920923
=650  \0$aEmblem$1http://www.wikidata.org/entity/Q112110$93250
=650  \0$aPoetry$1http://www.wikidata.org/entity/Q482$93026
=650  \0$aMoral education$1http://www.wikidata.org/entity/Q25457248$93171
=650  \0$aScience$1http://www.wikidata.org/entity/Q7991$921650
=653  \0$aorgel_Vlaanderen 17e eeuw$3106$020139871$w06K06$935524
=653  \0$azangeres$3266, 290$020139871$w06K06$938089
=653  \0$aluit$3112, 290$020139871$w06K06$934262
=653  \0$amise-en-scène$3112$020139871$w06K06$939272
=942  \\$cBOO
=952  \\$00$10$2ddc$40$6KTS_1_000000000000000_C2_52_06K06$70$8RAR$91340$aORPH$bORPH$cKTS1_C2$d2020-07-08$eKoopman$l0$oKTS1 C2.52 06K06$p20139871$r2021-01-12 00:00:00$w2021-01-12$yBOO
=999  \\$d1340

