=LDR  01733    a2200289   4500
=001  1341
=008  221212s1705\\\\||||||||\||||\00|\p\dut\d
=041  \\$adut
=100  \\$aMeulen, Catharina vander$d1634-1719$4aut$95995
=245  \\$aHet hemels lust-hofken, $bgheplant in de H. Orden des H. Patriarchs Dominicus
=260  \\$aAntwerp$bSoest, van$c1705
=300  \\$a[xiv]-176 pages$boblong, leather bound$c10x8 cm
=500  \\$asmall oblong religious songbook to be used in the convent of Saint Catherine of Senen in Antwerp, where (according to a manuscript note on the frontpaper) and author, the nun Catharina Vander Meulen, has died august 8th 1719, at the age of 85
=561  \\$aEx libris V. de la Montagne (Plate)
=590  \\$aBedeylt in dry Deelen Door Suster Catharina vander Meulen, Jubilaria, religieuse in 't Clooster van S. Catharina van Senen, tot Antwerpen
=648  \0$a18th Century (1701-1800)$1http://www.wikidata.org/entity/Q7015$920899
=650  \0$aReligion$1http://www.wikidata.org/entity/Q9174$93062
=650  \0$aPoetry$1http://www.wikidata.org/entity/Q482$93026
=650  \0$aSong$1http://www.wikidata.org/entity/Q7366$94164
=650  \0$aContrafactum$1http://www.wikidata.org/entity/Q1783270$922210
=651  \0$aAntwerp (Belgium)$1http://www.wikidata.org/entity/Q12892$920974
=653  \0$aop de wijze van $33, 6 etc.$020139872$w06K07$935398
=653  \\$aSint Caecilia$3173-174, 174-176$939138$020139872$w06K07
=856  \\$uhttps://books.google.be/books?id=_JJBr_Oz5HcC$3Google Books
=942  \\$cBOO
=952  \\$00$10$2ddc$40$6KTS_1_000000000000000_C2_52_06K07$70$8RAR$91341$aORPH$bORPH$cKTS1_C2$d2020-07-08$eKoopman$l0$oKTS1 C2.52 06K07$p20139872$r2021-01-12 00:00:00$w2021-01-12$yBOO
=999  \\$d1341

