=LDR  01116aam a2200229   4500
=001  1342
=008  221213s1619\\\\|||af|||\||||\00|\0\lat\d
=041  \\$alat
=245  \\$aOfficium hebdomadæ sanctæ secundum missale & breviarium Romanum
=260  \\$aAntwerp$bPlantin$c1619
=300  \\$a402 pages$billustrations, entire book in red and black ink$c9x5cm
=561  \\$aEx libris Jacobi Bernard Cruiyt (?) (manuscript)
=563  \\$aSmall format, leather cover
=648  \0$a17th Century (1601-1700)$1http://www.wikidata.org/entity/Q7016$920923
=650  \0$aCatholicism$1http://www.wikidata.org/entity/Q1841$921631
=650  \0$aHoly Week$1http://www.wikidata.org/entity/Q131080$925455
=650  \0$aLiturgy$1http://www.wikidata.org/entity/Q172331$92284
=651  \0$aAntwerp (Belgium)$1http://www.wikidata.org/entity/Q12892$920974
=856  \\$uhttps://books.google.be/books?id=sR4lvwEACAAJ$3Google Books
=942  \\$cBOO
=952  \\$00$10$2ddc$40$6KTS_1_000000000000000_C2_52_06K08$70$8RAR$91342$aORPH$bORPH$cKTS1_C2$d2020-07-08$eKoopman$l0$oKTS1 C2.52 06K08$p20139840$r2021-01-12 00:00:00$w2021-01-12$yBOO
=999  \\$d1342

