=LDR  02188aam a2200373   4500
=001  1343
=005  20251013180821.0
=008  221213r18221806|||g||||\||||\00|\p\dut\d
=041  \\$adut
=059  \\$av
=245  \\$aEvangelische gezangen$bom nevens het Boek der Psalmen bij den openbaren godsdienst in de Nederlandsche Hervormde Gemeente gebruikt te worden
=260  \\$aAmsterdam$aHaarlem$aGroningen$bden Hengst$bBrandt$bHoyman$bEnschedé$bSchierbeek$bvan Heyningen Bosch$c1822
=300  \\$a[xxiv]-424 pages$bmusic examples$c8x4 cm
=500  \\$aBesides psalm verses, the book also contains poetry by, among others, Lodenstein, Vollenhoven, Sluiter, Schutte & van Alphen.
=534  \\$aOriginally published in 1806
=563  \\$abeautifully patterned endpapers, very small format
=590  \\$aOp uitdrukkelijken last van alle de synoden der voornoemde Gemeente bijeen verzameld en in orde gebragt in de jaren 1803, 1804 en 1805
=648  \0$a19th Century (1801-1900)$1http://www.wikidata.org/entity/Q6955$920935
=650  \0$aProtestantism$1http://www.wikidata.org/entity/Q23540$921012
=650  \0$aPsalm$1http://www.wikidata.org/entity/Q12497663$92164
=650  \0$aPoetry$1http://www.wikidata.org/entity/Q482$93026
=651  \0$aNetherlands$1http://www.wikidata.org/entity/Q55$9173
=653  \0$aop de wijze van + muzieknotatie$3wb$020139853$w06K09$935400
=653  \0$aFeith, R.$3verklaring, 5$020139853$w06K09$931642
=653  \0$aLodesteyn$3x5$020139853$w06K09$934177
=653  \\$ageen fermate$3wb$020139853$w06K09$932068
=653  \\$aSchutte, R.$3x5$939003$020139853$w06K09
=700  \\$aBerg, Ahasverus van den$d1733-1807$4edt$1http://www.wikidata.org/entity/Q400114$96426
=700  \\$aLotze, Johannes Anthonie$d1769-1832$4edt$1http://www.wikidata.org/entity/Q108704829$925453
=700  \\$aScharp, Jan$d1756-1828$4edt$1http://www.wikidata.org/entity/Q2668499$925454
=856  \\$uhttps://books.google.be/books?id=zadlAAAAcAAJ$3Google Books
=942  \\$cSCO
=952  \\$00$10$2ddc$40$6KTS_1_000000000000000_C2_52_06K09$70$8RAR$91343$aORPH$bORPH$cKTS1_C2$d2020-07-08$eKoopman$l0$oKTS1 C2.52 06K09$p20139853$r2021-01-12 00:00:00$w2021-01-12$yBOO
=999  \\$d1343

