=LDR  01709aam a2200253   4500
=001  1344
=008  221213s1652\\\\|||af|||\||||\00|\d\lat\d
=041  \\$alat
=100  \\$aPlautus, Titus Maccius$d250 BC-164 BC$4aut$1http://www.wikidata.org/entity/Q47160$94887
=245  \\$aComœdiæ superstites XX
=260  \\$aAmsterdam$bElsevier$c1652
=300  \\$a715-[5] pages$bengraved title page
=500  \\$aTitus Maccius Plautus (c. 254-184 BC), commonly known as Plautus, was a Roman playwright of the Old Latin period. His comedies are the earliest Latin literary works to have survived in their entirety. He wrote Palliata comoedia, the genre devised by the innovator of Latin literature, Livius Andronicus.
=505  \\$gAmphitryon -- Asinaria -- Aulularia -- Captivi -- Curculio -- Casina -- Cistellaria -- Epidicus -- Bacchides -- Mostellaria -- Menaechmi -- Miles Gloriosus -- Mercator -- Pseudolus -- Poenulus -- Persa -- Rudens -- Stichus -- Trinummus -- Truculentus
=563  \\$aSimply embossed leather cover, sprinkled edges
=648  \0$aClassical Antiquity (8th Century BC-6th Century AD)$1http://www.wikidata.org/entity/Q486761$921435
=648  \0$a17th Century (1601-1700)$1http://www.wikidata.org/entity/Q7016$920923
=650  \0$aComedy$1http://www.wikidata.org/entity/Q40831$921436
=650  \0$aSatire$1http://www.wikidata.org/entity/Q128758$921636
=650  \0$aLatin$1http://www.wikidata.org/entity/Q397$93992
=651  \0$1http://www.wikidata.org/entity/Q220$aRome (Italy)$949
=942  \\$cBOO
=952  \\$00$10$2ddc$40$6KTS_1_000000000000000_C2_52_06K10$70$8RAR$91344$aORPH$bORPH$cKTS1_C2$d2020-07-08$eKoopman$l0$oKTS1 C2.52 06K10$p20139854$r2021-01-12 00:00:00$w2021-01-12$yBOO
=999  \\$d1344

