=LDR  01900    a2200313   4500
=001  1345
=008  221213s1787\\\\|||ag|||\y|||\00|\m\ger\d
=041  \\$ager
=245  \\$aMusen Almanach für 1787
=260  \\$aHamburg$bBohn$c1787
=300  \\$a[xxxiii]-233-[7] pages$bengraved title page, music examples
=500  \\$aModeled after the French 'Almanach des Muses' (see 09A29, 11A07 and 1B19), the 'Musen-Almanach' was founded in Göttingen in 1770 (see H1-019-20). Johann Heinrich Voß (1751-1826) became its editor in 1774, but in 1775 founded his own almanac in Hamburg.
=500  \\$aAnother competing almanac was founded by Schiller (see H3-011 & X1B18)
=648  \0$a18th Century (1701-1800)$1http://www.wikidata.org/entity/Q7015$920899
=650  \0$aAlmanac$1http://www.wikidata.org/entity/Q171341$921366
=650  \0$aSong$1http://www.wikidata.org/entity/Q7366$94164
=651  \0$aHamburg (Germany)$1http://www.wikidata.org/entity/Q1055$921940
=653  \0$adichteres$3110, 158, 205, 220$020139841$w06K11$931056
=653  \0$aSulzer$332$020139841$w06K11$936672
=653  \0$aGleim$321, 26, 96, 102, 120, 169$020139841$w06K11$932232
=653  \0$aRamler$3116, 126, 139, 147, 156, 158, 168, 171, 172, 176, 182, 186, 193, 200, 213, 217, 222, 226, 233$020139841$w06K11$938232
=653  \0$aSchulz, J.A.P.$314, 24, 102, 144$020139841$w06K11$938988
=653  \\$aEschenburg$320, 78$931526$020139841$w06K11
=653  \\$aKayserling$397$933326$020139841$w06K11
=700  \\$4edt$aVoß, Johann Heinrich$d1751-1826$1http://www.wikidata.org/entity/Q62188$98990
=700  \\$4edt$aGöckingk, Leopold Friedrich Günther von$d1748-1828$1http://www.wikidata.org/entity/Q98454$925456
=942  \\$cBOO
=952  \\$00$10$2ddc$40$6KTS_1_000000000000000_C2_52_06K11$70$8RAR$91345$aORPH$bORPH$cKTS1_C2$d2020-07-08$eKoopman$l0$oKTS1 C2.52 06K11$p20139841$r2021-01-12 00:00:00$w2021-01-12$yBOO
=999  \\$d1345

