=LDR  01995aam a2200337   4500
=001  1346
=008  221213s1788\\\\|||ag|||\y|||\00|\m\ger\d
=041  \\$ager
=245  \\$aMusen Almanach für 1788
=260  \\$aHamburg$bBohn$c1788
=300  \\$a[xxxiii]-217-[7] pages$bengraved title page, 4 folded pages of music examples
=500  \\$aModeled after the French 'Almanach des Muses' (see 09A29, 11A07 and 1B19), the 'Musen-Almanach' was founded in Göttingen in 1770 (see H1-019-20). Johann Heinrich Voß (1751-1826) became its editor in 1774, but in 1775 founded his own almanac in Hamburg.
=500  \\$aAnother competing almanac was founded by Schiller (see H3-011 & X1B18)
=648  \0$a18th Century (1701-1800)$1http://www.wikidata.org/entity/Q7015$920899
=650  \0$aAlmanac$1http://www.wikidata.org/entity/Q171341$921366
=650  \0$aSong$1http://www.wikidata.org/entity/Q7366$94164
=651  \0$aHamburg (Germany)$1http://www.wikidata.org/entity/Q1055$921940
=653  \0$aop de wijze van $373$020139842$w06K12$935398
=653  \0$aGleim$342, 77, 83, 86, 89, 136, 138, 141, 151, 160, 162, 165, 182, 187, 200, 210$020139842$w06K12$932232
=653  \0$azangeres$3194$020139842$w06K12$938089
=653  \0$aKlopstock$3182$020139842$w06K12$933637
=653  \0$alamento$3187$020139842$w06K12$933868
=653  \0$aSchulz, J.A.P.$336, 52, 84, 122$020139842$w06K12$938988
=653  \\$aClaudius$3163, 218$930507$020139842$w06K12
=653  \\$akritikus$3162$933768$020139842$w06K12
=653  \\$aVogelweide, Walter van der$371$937700$020139842$w06K12
=700  \\$4edt$aVoß, Johann Heinrich$d1751-1826$1http://www.wikidata.org/entity/Q62188$98990
=700  \\$4edt$aGöckingk, Leopold Friedrich Günther von$d1748-1828$1http://www.wikidata.org/entity/Q98454$925456
=942  \\$cBOO
=952  \\$00$10$2ddc$40$6KTS_1_000000000000000_C2_52_06K12$70$8RAR$91346$aORPH$bORPH$cKTS1_C2$d2020-07-08$eKoopman$l0$oKTS1 C2.52 06K12$p20139842$r2021-01-12 00:00:00$w2021-01-12$yBOO
=999  \\$d1346

