=LDR  02342aam a2200397   4500
=001  1347
=008  221213s1789\\\\|||ag|||\y|||\00|\m\ger\d
=041  \\$ager
=100  \\$aVoß, Johann Heinrich$d1751-1826$4edt$1http://www.wikidata.org/entity/Q62188$98990
=245  \\$aMusen Almanach für 1789
=260  \\$aHamburg$bBohn$c1789
=300  \\$a[xxxiii]-221-[3] pages$bengraved title page, 8 folded pages of music examples
=500  \\$aModeled after the French 'Almanach des Muses' (see 09A29, 11A07 and 1B19), the 'Musen-Almanach' was founded in Göttingen in 1770 (see H1-019-20). Johann Heinrich Voß (1751-1826) became its editor in 1774, but in 1775 founded his own almanac in Hamburg.
=500  \\$aAnother competing almanac was founded by Schiller (see H3-011 & X1B18)
=648  \0$a18th Century (1701-1800)$1http://www.wikidata.org/entity/Q7015$920899
=650  \0$aAlmanac$1http://www.wikidata.org/entity/Q171341$921366
=650  \0$aSong$1http://www.wikidata.org/entity/Q7366$94164
=651  \0$aHamburg (Germany)$1http://www.wikidata.org/entity/Q1055$921940
=653  \0$aboekprijs$3laatste bladzijde$020139843$w06K13$929701
=653  \0$aop de wijze van $3159$020139843$w06K13$935398
=653  \0$aop de wijze van $363$020139843$w06K13$935398
=653  \0$aparodie$3124$020139843$w06K13$935769
=653  \0$aGleim$327, 42, 85, 94, 100, 128, 139, 148, 158, 161, 177, 183, 196, 203$020139843$w06K13$932232
=653  \0$aGleim$310, 16, 21, 48, 61, 79, 101, 146, 177, 197, 202$020139843$w06K13$932232
=653  \0$aRamler$3109-125$020139843$w06K13$938232
=653  \0$aReichardt, J.$312, 36, 50, 74, 90, 172$020139843$w06K13$938337
=653  \0$aKlopstock$327$020139843$w06K13$933637
=653  \0$akritiek$315, 73$020139843$w06K13$933765
=653  \0$aSchulz, J.A.P.$324, 82, 104, 126, 128, 196$020139843$w06K13$938988
=653  \\$aEschenburg$3144$931526$020139843$w06K13
=653  \\$aHagedorn, F. von$33-6$932504$020139843$w06K13
=653  \\$aReichardt, J.F.$3156, 178, 206$938338$020139843$w06K13
=856  \\$uhttps://www.digitale-sammlungen.de/de/details/bsb10122367$3Bavarian State Library
=942  \\$cBOO
=952  \\$00$10$2ddc$40$6KTS_1_000000000000000_C2_52_06K13$70$8RAR$91347$aORPH$bORPH$cKTS1_C2$d2020-07-08$eKoopman$l0$oKTS1 C2.52 06K13$p20139843$r2021-01-12 00:00:00$w2021-01-12$yBOO
=999  \\$d1347

