=LDR  01434aam a2200229   4500
=001  1348
=008  221213s1796\\\\|||ag|||\y|||\00|\m\ger\d
=041  \\$ager
=100  \\$aVoß, Johann Heinrich$d1751-1826$4edt$1http://www.wikidata.org/entity/Q62188$98990
=245  \\$aMusen-Almanach fürs Jahr 1796
=260  \\$aHamburg$bBohn$c1796
=300  \\$a[xxxiv]-204-[4] pages$bengraved frontispiece, 8 folded pages of music examples
=500  \\$aModeled after the French 'Almanach des Muses' (see 09A29, 11A07 and 1B19), the 'Musen-Almanach' was founded in Göttingen in 1770 (see H1-019-20). Johann Heinrich Voß (1751-1826) became its editor in 1774, but in 1775 founded his own almanac in Hamburg.
=500  \\$aAnother competing almanac was founded by Schiller (see H3-011 & X1B18)
=648  \0$a18th Century (1701-1800)$1http://www.wikidata.org/entity/Q7015$920899
=650  \0$aAlmanac$1http://www.wikidata.org/entity/Q171341$921366
=650  \0$aSong$1http://www.wikidata.org/entity/Q7366$94164
=651  \0$aHamburg (Germany)$1http://www.wikidata.org/entity/Q1055$921940
=856  \\$uhttps://books.google.de/books?id=Kggdde7NS9AC&printsec=frontcover&hl=de&source=gbs_ge_summary_r&cad=0#v=onepage&q&f=false$3Google Books
=942  \\$cBOO
=952  \\$00$10$2ddc$40$6KTS_1_000000000000000_C2_52_06K14$70$8RAR$91348$aORPH$bORPH$cKTS1_C2$d2020-07-08$eKoopman$l0$oKTS1 C2.52 06K14$p20139844$r2021-01-12 00:00:00$w2021-01-12$yBOO
=999  \\$d1348

