=LDR  01164aam a2200241   4500
=001  1349
=008  220218s1688\\\\||||||||\||||\00|\0\dut\d
=041  \\$adut
=059  \\$av
=100  \\$aDathenus, Petrus$d1531-1588$4aut$1http://www.wikidata.org/entity/Q325530$95997
=245  \\$aDe CL. Psalmen des Propheten Davids, en andere lof-sangen
=260  \\$aAmsterdam$bSchot$bvan der Putte$bLooman$c1688
=300  \\$a[316]-72 pages$c7x5cm$bgilt edges
=563  \\$aVery small volume with a turtle cover and metal locks
=590  \\$aMitsgaders den Christelicken Catechismo / Gebeden / ende Formulieren
=648  \0$a17th Century (1601-1700)$1http://www.wikidata.org/entity/Q7016$920923
=650  \0$aPoetry$1http://www.wikidata.org/entity/Q482$93026
=650  \0$aPsalm$1http://www.wikidata.org/entity/Q12497663$92164
=650  \0$aCalvinism$1http://www.wikidata.org/entity/Q101849$923719
=651  \0$aNetherlands$1http://www.wikidata.org/entity/Q55$9173
=942  \\$cSCO
=952  \\$00$10$2ddc$40$6KTS_1_000000000000000_C2_52_06K15$70$8RAR$91349$aORPH$bORPH$cKTS1_C2$d2020-07-08$eKoopman$l0$oKTS1 C2.52 06K15$p20139722$r2021-01-12 00:00:00$w2021-01-12$yBOO
=999  \\$d1349

