=LDR  01689aam a2200289   4500
=001  1350
=008  221213q1762\\\\||||||||\||||\00|\0\fre\d
=041  \\$afre
=245  \\$aLa Sainte Bible
=250  \\$aRev. ed. 
=260  \\$aAmsterdam$bOnder de Linden$c1762 [?]
=300  \\$a[iv]-[786] pages$bengraved titlepage
=500  \\$aThis edition is undated but has a frontispiece dated 1762; the other two items in this volume are from the same editor and are dated 1784.
=500  \\$aEngraved title page: "J.C. Philips inv. et fec. 1762".
=501  \\$aBound in with 'Le Nouveau Testament' (Amsterdam, Onder de Linden 1784) and 'Les Pseaumes de David' (Amsterdam, Onder de Linden 1784).
=561  \\$aEx libris T.A.J.J. Mackaij 12.12.1785 (manuscript on front matter)
=561  \\$aEx lirbsi U.P. van Verschuer 12 ... (manuscript on front matter)
=563  \\$aBeautiful leather binding with gold floral decorations, top of back damaged. 
=590  \\$aqui contient l'Ancien et le Nouveau Testament. Nouvelle edition, Revue sur les Textes Hebreux et Grecs par les Pasteurs et Professeurs de Geneve.
=648  \0$a18th Century (1701-1800)$1http://www.wikidata.org/entity/Q7015$920899
=650  \0$aReligion$1http://www.wikidata.org/entity/Q9174$93062
=650  \0$aBible$1http://www.wikidata.org/entity/Q1845$921581
=651  \0$aAmsterdam (Netherlands)$1http://www.wikidata.org/entity/Q727$9135
=856  \\$uhttps://books.google.be/books?id=1fxWAAAAcAAJ$3Google Books
=942  \\$cBOO
=952  \\$00$10$2ddc$40$6KTS_1_000000000000000_C2_52_06K19A$70$8RAR$91350$aORPH$bORPH$cKTS1_C2$d2020-07-08$eKoopman$l0$oKTS1 C2.52 06K19a$p20139878a$r2021-01-12 00:00:00$w2021-01-12$yBOO
=999  \\$d1350

