=LDR  01868aam a2200313   4500
=001  1351
=008  221213s1679\\\\|||f||||\||||\00|\0\lat\d
=041  \\$alat
=100  \\$aBartholin, Caspar$d1655-1738$4aut$1http://www.wikidata.org/entity/Q537984$923931
=245  \\$aDe tibiis veterum, et earum antiquo usu libri tres
=250  \\$a2nd ed. 
=260  \\$aAmsterdam$bWetsten$c1679
=300  \\$a[xxii]-415-v pages$bengraved titlepage, engraved illustrations including a portrait of the author and some fold-out plates
=500  \\$aOriginally published in 1677 in Rome, see H3-007
=500  \\$aAbout wind instruments in ancient Greece and ancient Rome. 
=500  \\$aCaspar Bartholin (the Younger) was a Danish anatomist and physician from an eminent family. His father (Thomas Bartholin) and grandfather (Caspar Bartholin the Elder) were also scientists. 
=563  \\$apale leather binding
=590  \\$aEditio altera, figuris auctior
=648  \0$a17th Century (1601-1700)$1http://www.wikidata.org/entity/Q7016$920923
=648  \0$aClassical Antiquity (8th Century BC-6th Century AD)$1http://www.wikidata.org/entity/Q486761$921435
=650  \0$aMusic history$1http://www.wikidata.org/entity/Q846047$921373
=650  \0$aCuckoo$1http://www.wikidata.org/entity/Q18845$922474
=650  \0$aWind instrument$1http://www.wikidata.org/entity/Q173453$94615
=651  \0$aRome (Italy)$1http://www.wikidata.org/entity/Q220$949
=651  \0$aGreece$1http://www.wikidata.org/entity/Q41$921778
=856  \\$uhttps://books.google.be/books?id=u6ScOlRJYeAC&printsec=frontcover&source=gbs_book_other_versions_r&redir_esc=y#v=onepage&q&f=false$3Google Books
=942  \\$cBOO
=952  \\$00$10$2ddc$40$6KTS_1_000000000000000_C2_52_06K18$70$8RAR$91351$aORPH$bORPH$cKTS1_C2$d2020-07-08$eKoopman$l0$oKTS1 C2.52 06K18$p20139877$r2021-01-12 00:00:00$w2021-01-12$yBOO
=999  \\$d1351

