=LDR  01317aam a2200277   4500
=001  1352
=005  20250923161048.0
=008  221213s1749\\\\||||||||\||||\00|\0\mul\d
=041  \\$afre$alat
=245  \\$aPseautier
=260  \\$aParis$bs.n.$c1749
=300  \\$a516-lxxxvii-[6]-16 pages$bmusic examples
=563  \\$aleather-bound, embossed gilt spine, marbled endpapers
=590  \\$aDistribué suivant la nouveau breviaire de Paris, avec les Offices des Dimanches & Fêtes de l'Anée.
=648  \0$a18th Century (1701-1800)$1http://www.wikidata.org/entity/Q7015$920899
=650  \0$aCatholicism$1http://www.wikidata.org/entity/Q1841$921631
=650  \0$aPrayer$1http://www.wikidata.org/entity/Q40953$921486
=650  \0$aLiturgy$1http://www.wikidata.org/entity/Q172331$92284
=650  \0$aPsalm$1http://www.wikidata.org/entity/Q12497663$92164
=650  \0$aMass$1http://www.wikidata.org/entity/Q217295$92735
=650  \0$aPlainchant$1http://www.wikidata.org/entity/Q2707688$921363
=651  \0$aParis (France)$1http://www.wikidata.org/entity/Q90$9160
=942  \\$cBOO
=952  \\$00$10$2ddc$40$6KTS_1_000000000000000_C2_53_06L04$70$8RAR$91352$aORPH$bORPH$cKTS1_C2$d2020-07-08$eKoopman$l0$oKTS1 C2.53 06L04$p20139881$r2021-01-12 00:00:00$w2021-01-12$yBOO
=999  \\$d1352
=533  \\$aDigitized by iGuana, Spring 2025.

