=LDR  01292aam a2200265   4500
=001  1354
=008  221213s1757\\\\||||||||\||||\00|\0\fre\d
=041  \\$afre
=110  \\$aChurch of England$4aut$1http://www.wikidata.org/entity/Q82708$921715
=245  \\$aLa liturgie, ou Formulaire des prières publiques, selon l'usage de l'Église Anglicane
=250  \\$anouvelle edition
=260  \\$aLondon$bVaillant; Nourse$c1757
=300  \\$axlviii-[2]-438 pages$bgilt edges, title page in red & black ink, bound in red leather
=500  \\$aBook of Common Prayer
=500  \\$aed. earlier in 1729, possibly even earlier
=501  \\$aBound in with 'Les Pseaumes de David'
=561  \\$aEx libris Adam Sim Coulter (plate)
=648  \0$a18th Century (1701-1800)$1http://www.wikidata.org/entity/Q7015$920899
=650  \0$aPrayer$1http://www.wikidata.org/entity/Q40953$921486
=650  \0$aAnglicanism$1http://www.wikidata.org/entity/Q6423963$925457
=650  \0$aLiturgy$1http://www.wikidata.org/entity/Q172331$92284
=651  \0$aUnited Kingdom$1http://www.wikidata.org/entity/Q21$9273
=942  \\$cBOO
=952  \\$00$10$2ddc$40$6KTS_1_000000000000000_C2_53_06L05$70$8RAR$91354$aORPH$bORPH$cKTS1_C2$d2020-07-08$eKoopman$l0$oKTS1 C2.53 06L05$p20139882$r2021-01-12 00:00:00$w2021-01-12$yBOO
=999  \\$d1354

