=LDR  01694aam a2200301   4500
=001  1355
=008  221213s1736\\\\|||a||||\||||\00|\0\lat\d
=041  \\$alat
=059  \\$av
=100  \\$aLavergne de Tressan, Ludovicus de$d1670-1733$4aut$1http://www.wikidata.org/entity/Q3263502$96000
=245  \\$aBreviarum rotomagense, $bpars autumnalis
=260  \\$aRouen$bJore$c1736
=300  \\$a[xxxiv]-518-xcix-[9]-12 pages$billustration, music examples, whole book in red and black ink, marbled endpapers, gilt edges, leather bound, embossed in gold
=500  \\$aThere also exist a 'Pars hiernalis', 'Pars verna' and 'Pars æstiva'
=500  \\$aLouis de La Vergne-Montenard de Tressan was a French cleric of the Roman Catholic Church, Archbishop of Rouen (France) from 17 October 1723 to 18 April 1733
=561  \\$aEx libris Desrabart (manuscript)
=648  \0$a18th Century (1701-1800)$1http://www.wikidata.org/entity/Q7015$920899
=650  \0$aCatholicism$1http://www.wikidata.org/entity/Q1841$921631
=650  \0$aPsalm$1http://www.wikidata.org/entity/Q12497663$92164
=650  \0$aHymnal$1http://www.wikidata.org/entity/Q1516252$925376
=650  \0$aLiturgy$1http://www.wikidata.org/entity/Q172331$92284
=650  \0$aMass$1http://www.wikidata.org/entity/Q217295$92735
=650  \0$aPrayer$1http://www.wikidata.org/entity/Q40953$921486
=650  \0$aPlainchant$1http://www.wikidata.org/entity/Q2707688$921363
=651  \0$aFrance$1http://www.wikidata.org/entity/Q142$9131
=942  \\$cBOO
=952  \\$00$10$2ddc$40$6KTS_1_000000000000000_C2_53_06L06$70$8RAR$91355$aORPH$bORPH$cKTS1_C2$d2020-07-08$eKoopman$l0$oKTS1 C2.53 06L06$p20139879$r2021-01-12 00:00:00$w2021-01-12$yBOO
=999  \\$d1355

