=LDR  01430aam a2200277   4500
=001  1356
=008  221213s1681\\\\|||a||||\||||\00|\0ddut\d
=041  \\$alat
=100  \\$aErasmus, Desiderius$d1466-1536$4aut$1http://www.wikidata.org/entity/Q43499$95446
=245  \\$aColloquia familiaria
=260  \\$aGeneva$bTournes, de$c1681
=300  \\$a[xvi]-809-[3] pages$bengraved frontispiece and title page, red edges, marbled endpapers, carboard cover, leather spine embossed in gold
=500  \\$aOriginally published in 1518-33
=500  \\$asee also 04B28
=500  \\$aan ironic view on contemporary religious practices
=590  \\$aNunc emendatiora, quibus accedunt notæ recognitæ & auctæ a Davide Constantio
=648  \0$a17th Century (1601-1700)$1http://www.wikidata.org/entity/Q7016$920923
=648  \0$a16th Century (1501-1600)$1http://www.wikidata.org/entity/Q7017$920944
=650  \0$aReligion$1http://www.wikidata.org/entity/Q9174$93062
=650  \0$aMoral education$1http://www.wikidata.org/entity/Q25457248$93171
=650  \0$aSatire$1http://www.wikidata.org/entity/Q128758$921636
=700  \\$4edt$4cmm$aD. Constantius$96001
=856  \\$uhttps://books.google.be/books?id=ClY-AAAAcAAJ$3Google Books
=942  \\$cBOO
=952  \\$00$10$2ddc$40$6KTS_1_000000000000000_C2_53_06L07$70$8RAR$91356$aORPH$bORPH$cKTS1_C2$d2020-07-08$eKoopman$l0$oKTS1 C2.53 06L07$p20139880$r2021-01-12 00:00:00$w2021-01-12$yBOO
=999  \\$d1356

