=LDR  01978aam a2200313   4500
=001  1357
=008  221213s1708\\\\||||||||\||||\00|\0\spa\d
=041  \\$aspa
=041  \\$afre
=100  \\$aSobrino, Francisco$4aut$96002
=245  \\$aDialogos nuevos en español y francés / Dialogues nouveaux espagnols, expliquez en françois 
=260  \\$aBrussels$bFoppens$c1708
=300  \\$a[viii]-356 pages$btitlepage printed in red and black
=500  \\$aFrancisco Sobrino also published a Spanish/French dictionary. 
=561  \\$aEx libris Caroli J.M. Krausen (?) 1803 (ms on flyleaf)
=561  \\$aEx libris Bibliotheca Collegii Ex... (stamp on front matter and partial stamp on tp)
=561  \\$aEx libris illegible (ms on titlepage)
=563  \\$aleather binding, old ms library label on back
=590  \\$aCon muchos refranes, y las explicaciones de diversas maneras de hablar, proprias à la lengua Española; la construcion del Universo, y los terminos principales de las Artes y de las Sciencias; con un Nomenclator al fin.
=590  \\$aContenant beaucoup de proverbes, & des explications de plusieurs façons de parler, propres à la langue Espagnole; la construction de l'Univers, les principaux termes des Arts & des Sciences, & une Nomenclature à la fin. 
=648  \0$a18th Century (1701-1800)$1http://www.wikidata.org/entity/Q7015$920899
=650  \0$aLinguistics$1http://www.wikidata.org/entity/Q8162$93902
=650  \0$aTravel$1http://www.wikidata.org/entity/Q61509$94440
=651  \0$aFrance$1http://www.wikidata.org/entity/Q142$9131
=651  \0$aSpain$1http://www.wikidata.org/entity/Q29$920983
=856  \\$uhttps://books.google.be/books?id=z_oobhjbrzUC&printsec=frontcover&source=gbs_ge_summary_r&cad=0#v=onepage&q&f=false$3Google Books
=942  \\$cBOO
=952  \\$00$10$2ddc$40$6KTS_1_000000000000000_C2_53_06L08$70$8RAR$91357$aORPH$bORPH$cKTS1_C2$d2020-07-08$eKoopman$l0$oKTS1 C2.53 06L08$p20139884$r2021-01-12 00:00:00$w2021-01-12$yBOO
=999  \\$d1357

