=LDR  01944aam a2200325   4500
=001  1358
=008  221214s1806\\\\||||||||\||||\00|\0\dut\d
=041  \\$adut
=100  \\$4aut$aAdriani, Marcus Jan$d1771-1845$1http://www.wikidata.org/entity/Q2303597$925458
=110  \\$4edt$aMaatschappij tot Nut van 't Algemeen (Amsterdam, Netherlands)$1http://www.wikidata.org/entity/Q2525480$921500
=245  \\$aDe geschiedenis van Jezus,$bEen schoolboek
=250  \\$a2nd ed.
=260  \\$aLeiden$aDeventer$aGroningen$bMaatschappij tot Nut van 't Algemeen$bDu Mortier en Zoon$bDe Lange$bOomkens en Zoon$bZuidema$bBolt$bSchierbeek$c1806
=300  \\$axi-166-[i] pages$bcontains fold-out map
=500  \\$aAdriani was a preacher and school inspector
=500  \\$aThis is a school prize book awarded to a pupil (in this case Pieter Willemsen) by a school in Middelburg (NL) for showing diligence and good work.
=500  \\$aThe Maatschappij tot Nut van 't Algemeen was founded in 1784 by Jan Nieuwenhuyzen.
=534  \\$aOriginally published in 1803
=561  \\$aWith bound in prize certificate awarded to Pieter Willemsen, a pupil of Jacob Scherer in MIddelburg in 1807. 
=563  \\$aBound in vellum with (gilt) decorations on front and back
=648  \0$a19th Century (1801-1900)$1http://www.wikidata.org/entity/Q6955$920935
=650  \0$aReligion$1http://www.wikidata.org/entity/Q9174$93062
=650  \0$aEducation$926206
=650  \0$aMoral education$1http://www.wikidata.org/entity/Q25457248$93171
=650  \0$aPrize book$1http://www.wikidata.org/entity/Q7246538$925382
=651  \0$aNetherlands$1http://www.wikidata.org/entity/Q55$9173
=651  \0$aMiddelburg (Netherlands)$1http://www.wikidata.org/entity/Q10076$924131
=942  \\$cBOO
=952  \\$00$10$2ddc$40$6KTS_1_000000000000000_C2_53_06L09$70$8RAR$91358$aORPH$bORPH$cKTS1_C2$d2020-07-08$eKoopman$l0$oKTS1 C2.53 06L09$p20139883$r2021-01-12 00:00:00$w2021-01-12$yBOO
=999  \\$d1358

