=LDR  23323aam a2204333   4500
=001  1359
=005  20251029143546.0
=008  221213i17691777|||af|||\||||\00|\0\fre\d
=041  \\$afre
=245  \\$aÉtat actuel de la musique du Roi et des trois spectacles de Paris
=260  \\$aParis$bVente$c1769-72$c1777
=300  \\$a5 volumes ([xxx]-130-[2]-xx-[4]+iv-[xii]-140-vi-[6]+iv-[xii]-140-vi-[6]+viii-[xii]-144-xx-[3]+vi-[xii]-150 pages)$billustrations, 5+0+5+4+5 plates inserted
=500  \\$aChapters include "De la Musique du Roi," "De l'Opéra," "De la Comédie Françoise," and "De la Comédie Italienne," each preceded by an engraving.
=500  \\$aBeautiful engravings, made by C. Baron, C.P. Marillie & Ch. Eisen
=500  \\$aWith lists of works performed, names of the musicians, dancers, actors, managers, designers, etc.
=561  \\$a06M03: Ex libris Marcellus Schlimovich (plate), Victor Aizenmann, Buenos Aires (plate), Sociedad Hebraica Argentina (stamp), F. Halévy (stamp) & Colonel *ellinet (?) (stamp)
=563  \\$a06M01: bound in red leather, copper gilded edges and endpaper
06M02 & M04: bound in brown leather, marbled edges and endpaper
06M03: bound in red leather, gilded edges and marbled endpaper
06M05: bound in red leather, gilded embellishments and leaf-patterned endpaper

=648  \0$a18th Century (1701-1800)$1http://www.wikidata.org/entity/Q7015$920899
=650  \0$aMusic history$1http://www.wikidata.org/entity/Q846047$921373
=650  \0$aTheater history$1http://www.wikidata.org/entity/Q1061140$94607
=650  \0$aOpera$1http://www.wikidata.org/entity/Q1344$92468
=650  \0$aDance$1http://www.wikidata.org/entity/Q6034$924845
=650  \0$aInstitution$1http://www.wikidata.org/entity/Q178706$94241
=651  \0$aParis (France)$1http://www.wikidata.org/entity/Q90$9160
=653  \0$a??$31$020139888$w06M05$928331
=653  \0$aAubert$37, 9, 38$020139885$w06M01$928859
=653  \0$aAubert$353, 71$020139886$w06M02$928859
=653  \0$aAubert$319, 44$020139889$w06M04$928859
=653  \0$abezetting (voc.)$330$020139885$w06M01$929527
=653  \0$abezetting (voc.)$336-37, 57$020139886$w06M02$929527
=653  \0$aBallard$35$020139885$w06M01$929044
=653  \0$aBallard$313$020139886$w06M02$929044
=653  \0$aBallard$315$020139889$w06M04$929044
=653  \0$aBlamont, C. de $355, 60, 61, 62, 64, 65, 69$020139886$w06M02$929605
=653  \0$aBlavet$369$020139887$w06M03$929624
=653  \0$aBlavet$367$020139889$w06M04$929624
=653  \0$ablokfluit$3fs$020139889$w06M04$929645
=653  \0$aboekprijs$3voorin$020139887$w06M03$929701
=653  \0$aBoismortier$363, 64, 75$020139886$w06M02$929736
=653  \0$aBoismortier$363$020139887$w06M03$929736
=653  \0$aBoismortier$361, 62$020139889$w06M04$929736
=653  \0$aBertin$363, 71, 72$020139886$w06M02$929476
=653  \0$aBerton$326, 27, 29, 43$020139885$w06M01$929478
=653  \0$aBerton$335, 52, 64, 73$020139886$w06M02$929478
=653  \0$aBerton$363$020139886$w06M02$929478
=653  \0$aBerton$331, 57$020139887$w06M03$929478
=653  \0$aBerton$335, 44, 49$020139889$w06M04$929478
=653  \0$aBerton$333, 50$020139888$w06M05$929478
=653  \0$abespeler van meer instrumenten$310, 14-17, 39, 81, 111$020139885$w06M01$929498
=653  \0$abespeler van meer instrumenten$318, 24, 25, 47?, 86, 119$020139886$w06M02$929498
=653  \0$abespeler van meer instrumenten$324, 25, 26, 27, 44$020139889$w06M04$929498
=653  \0$abespeler van meer instrumenten$317, 18$020139888$w06M05$929498
=653  \0$aCahussac$355, 66$020139886$w06M02$930118
=653  \0$aCambert$361, 71, 72$020139886$w06M02$930147
=653  \0$aCambert$361$020139887$w06M03$930147
=653  \0$aCampra$357, 58, 59$020139889$w06M04$930172
=653  \0$aCampra, A.$359, 60, 61, 62, 63, 65, 66, 6, 69, 74, 75$020139886$w06M02$930173
=653  \0$aCampra, A.$359, 60, 66, 67$020139887$w06M03$930173
=653  \0$acastraten in Frankrijk$311$020139887$w06M03$930285
=653  \0$acello$3naast 1$020139885$w06M01$930344
=653  \0$acello$310, 34$020139886$w06M02$930344
=653  \0$acello$31 afb$020139887$w06M03$930344
=653  \0$acello$3fs?$020139889$w06M04$930344
=653  \0$acello$31?$020139888$w06M05$930344
=653  \0$amuziek_algemeen$31-78$020139886$w06M02$935036
=653  \0$aChedeville$317, 50$020139888$w06M05$930420
=653  \0$aChédeville$318, 53$020139887$w06M03$930421
=653  \0$aChedeville, N.$324, 52$020139886$w06M02$930422
=653  \0$aChedeville, N.$324, 49$020139889$w06M04$930422
=653  \0$aChédeville, N.$314, 43$020139885$w06M01$930423
=653  \0$aClérambault$339$020139886$w06M02$930545
=653  \0$aClicquot$311$020139885$w06M01$930551
=653  \0$aClicquot$321$020139886$w06M02$930551
=653  \0$aClicquot$321$020139889$w06M04$930551
=653  \0$aClicquot$312$020139888$w06M05$930551
=653  \0$aClocquot$315$020139887$w06M03$930554
=653  \0$aColasse$37, 62, 69, 72, 73, 74, 75$020139886$w06M02$930577
=653  \0$aColasse$362$020139887$w06M03$930577
=653  \0$aColasse$354, 57, 59$020139889$w06M04$930577
=653  \0$aColin de Blamont$356, 60$020139887$w06M03$930584
=653  \0$aColin de Blamont$358$020139889$w06M04$930584
=653  \0$acomponiste$363, 68$020139886$w06M02$930632
=653  \0$acomponiste$363, 68$020139887$w06M03$930632
=653  \0$acomponiste$3117$020139888$w06M05$930632
=653  \0$aNoëls$32$020139886$w06M02$935261
=653  \0$aconcert spirituel$3131-132$020139888$w06M05$930651
=653  \0$acontrabas$310, 39, 81, 111$020139885$w06M01$930692
=653  \0$acontrabas$318, 85$020139886$w06M02$930692
=653  \0$aopera$327-66$020139885$w06M01$935411
=653  \0$aopera$331-46, 57, 58, 59-76$020139886$w06M02$935411
=653  \0$aopera$335-49, 59-76$020139887$w06M03$935411
=653  \0$aopera$333-50, 54-74$020139889$w06M04$935411
=653  \0$aopera$327-32, 55-68$020139888$w06M05$935411
=653  \0$aCouperin, A.L.$316$020139886$w06M02$930791
=653  \0$aCouperin, A.L.$310$020139888$w06M05$930791
=653  \0$aCouperin, fam$323$020139889$w06M04$930795
=653  \0$aCouperin, fam.$317$020139887$w06M03$930796
=653  \0$aDanchet$355$020139886$w06M02$930918
=653  \0$adansen$318-22, 30, 34-37, 37-40, 80, 110$020139885$w06M01$930928
=653  \0$adansen$328-30, 32, 40-46, 84, 118$020139886$w06M02$930928
=653  \0$adansen$322-26, 42-46, 55, 86, 118$020139887$w06M03$930928
=653  \0$adansen$328-32, 33 afb., 36, 40, 51-53, 118, 145, 146$020139889$w06M04$930928
=653  \0$adansen$320-22, 38-42, 49-52, 75, 76, 110-112$020139888$w06M05$930928
=653  \0$aDaquin$322$020139886$w06M02$930941
=653  \0$aDaquin$316$020139887$w06M03$930941
=653  \0$aDaquin$316$020139889$w06M04$930941
=653  \0$aDaquin $36$020139885$w06M01$930942
=653  \0$aDauvergne$36, 27, 29, 43$020139885$w06M01$930955
=653  \0$aDauvergne$314, 22, 34, 35, 52, 55, 56, 60, 61, 62, 63, 64, 65, 68, 73, 75$020139886$w06M02$930955
=653  \0$aDauvergne$39, 50$020139888$w06M05$930955
=653  \0$ade la Barre$375$020139886$w06M02$930967
=653  \0$aDe la Borde$355, 56, 60, 61, 63, 69$020139886$w06M02$930968
=653  \0$aDe la Borde$356, 61$020139887$w06M03$930968
=653  \0$aDe la Borde$356, 59, 120$020139889$w06M04$930968
=653  \0$aDelalande$37-10, 22, 23, 64$020139886$w06M02$930991
=653  \0$aDelalande, fam.$316, 17, 64$020139887$w06M03$930992
=653  \0$aoud-nieuw$38$020139886$w06M02$935651
=653  \0$aoude muziek vroeger$332, 55, 56$020139886$w06M02$935658
=653  \0$aDestouches$346$020139885$w06M01$931036
=653  \0$aDestouches$356, 60, 61, 62, 64, 69, 70, 71, 73, 74$020139886$w06M02$931036
=653  \0$aDestouches$34, 32, 60$020139887$w06M03$931036
=653  \0$aDestouches$358, 59$020139889$w06M04$931036
=653  \0$adoedelzak$354$020139886$w06M02$931125
=653  \0$adoedelzak$346$020139889$w06M04$931125
=653  \0$aPergolesi$35$020139889$w06M04$935854
=653  \0$aPergolesi$3131$020139888$w06M05$935854
=653  \0$aDumont fam$35, 6, 43$020139886$w06M02$931296
=653  \0$aDumont, H.$35, 6, 43$020139886$w06M02$931298
=653  \0$aPhilidor$326, 46, 118$020139885$w06M01$935921
=653  \0$aPhilidor$364$020139886$w06M02$935921
=653  \0$aPhilidor$331, 31, 125, 134$020139887$w06M03$935921
=653  \0$aPhilidor$3109$020139888$w06M05$935921
=653  \0$aPhilidor, fam$322, 24, 62$020139889$w06M04$935924
=653  \0$adwarsfluit$344$020139886$w06M02$931340
=653  \0$aemoties$34, 5, 8, 9$020139889$w06M04$931445
=653  \0$afagot$310, 40$020139885$w06M01$931585
=653  \0$afalset$37$020139885$w06M01$931595
=653  \0$afalset$315$020139886$w06M02$931595
=653  \0$apsalterium$3naast 1$020139885$w06M01$936252
=653  \0$apsalterium$31 afb$020139887$w06M03$936252
=653  \0$apsalterium$3fs$020139889$w06M04$936252
=653  \0$aFel$37, 43, 44$020139885$w06M01$931644
=653  \0$aFel$323, 52, 53$020139886$w06M02$931644
=653  \0$aFel, Madame$317, 53, 54$020139887$w06M03$931647
=653  \0$aFel, Madame$317, 49, 50$020139889$w06M04$931647
=653  \0$afondscatalogus$3133-einde$020139885$w06M01$931799
=653  \0$afondscatalogus$3140$020139886$w06M02$931799
=653  \0$afondscatalogus$3141-146$020139887$w06M03$931799
=653  \0$afondscatalogus$3141-145$020139888$w06M05$931799
=653  \0$aForqueray$312$020139885$w06M01$931825
=653  \0$aForqueray$322$020139886$w06M02$931825
=653  \0$aForqueray$316$020139887$w06M03$931825
=653  \0$aForqueray$322$020139889$w06M04$931825
=653  \0$aFrancoeur$36, 9, 24, 25, 38, 43$020139885$w06M01$931855
=653  \0$aFrancoeur$360$020139887$w06M03$931855
=653  \0$aFrancoeur$316, 19, 49, 58, 59$020139889$w06M04$931855
=653  \0$aFrancoeur$39, 43, 47, 50$020139888$w06M05$931855
=653  \0$aFranse invloed in Europa$3139-140$020139888$w06M05$931880
=653  \0$aGilles, J.$334$020139886$w06M02$932194
=653  \0$agitaar$3naast 1$020139885$w06M01$932207
=653  \0$agitaar$339$020139886$w06M02$932207
=653  \0$agitaar$31 afb$020139887$w06M03$932207
=653  \0$aGluck$328, 29, 50, 53, 117$020139888$w06M05$932235
=653  \0$aGossec$333$020139888$w06M05$932278
=653  \0$agoût$35, 8$020139886$w06M02$932303
=653  \0$atraktaten over dans$3145-einde$020139889$w06M04$937067
=653  \0$atraktaten over theater$3145-einde$020139889$w06M04$937068
=653  \0$aGretry$325, 26, 117, 118$020139885$w06M01$932386
=653  \0$aGretry$332, 33, 34, 125, 126, 135$020139887$w06M03$932386
=653  \0$aTrial$327, 29$020139885$w06M01$937103
=653  \0$aTrial$333, 34, 55, 65, 74$020139886$w06M02$937103
=653  \0$atromba marina$316, 17$020139885$w06M01$937183
=653  \0$atromba marina$326, 27$020139886$w06M02$937183
=653  \0$atromba marina$320$020139887$w06M03$937183
=653  \0$atromba marina$326, 27$020139889$w06M04$937183
=653  \0$atromba marina$319$020139888$w06M05$937183
=653  \0$atrompet$311, 15, 16, 17$020139885$w06M01$937194
=653  \0$atrompet$325, 26, 27, 48$020139886$w06M02$937194
=653  \0$atrompet$325-27$020139889$w06M04$937194
=653  \0$atrompet$311, 17, 18, 19, 20, 46$020139888$w06M05$937194
=653  \0$aharp$327 afb.$020139885$w06M01$932582
=653  \0$aharp$334$020139887$w06M03$932582
=653  \0$aharp$39$020139889$w06M04$932582
=653  \0$aharp$312$020139888$w06M05$932582
=653  \0$aharp$327$020139888$w06M05$932582
=653  \0$avaudeville$3134-138$020139886$w06M02$937360
=653  \0$avaudeville$3134-138$020139887$w06M03$937360
=653  \0$avaudeville$3135-138$020139889$w06M04$937360
=653  \0$ahobo$31 afb?, 18, 19$020139887$w06M03$932805
=653  \0$aHotteterre, fam$320, 25$020139889$w06M04$932950
=653  \0$aHotteterre, fam.$310, 15$020139885$w06M01$932951
=653  \0$avogels en muziek$36, 7$020139889$w06M04$937697
=653  \0$aItaliaanse invloed in Frankrijk$3ix, 7, 105-110$020139885$w06M01$933147
=653  \0$aItaliaanse invloed in Frankrijk$315, 31, 111-116, 122, 126-129$020139886$w06M02$933147
=653  \0$aItaliaanse invloed in Frankrijk$311, 110-133, $020139887$w06M03$933147
=653  \0$aItaliaanse invloed in Frankrijk$3113-117, 117-134$020139889$w06M04$933147
=653  \0$aItaliaanse invloed in Frankrijk$3103-105, 113, 121-130$020139888$w06M05$933147
=653  \0$aJacquet de la Guerre, E.$363$020139887$w06M03$933173
=653  \0$aJéliotte$38, 43$020139885$w06M01$933201
=653  \0$aJéliotte$318, 49$020139889$w06M04$933201
=653  \0$aJélyote$351$020139888$w06M05$933203
=653  \0$azangers$34, 5$020139887$w06M03$938095
=653  \0$aklarinet$317, 48$020139886$w06M02$933442
=653  \0$aklarinet$315, 49$020139887$w06M03$933442
=653  \0$aklarinet$311, 46$020139888$w06M05$933442
=653  \0$azink$35, 24$020139886$w06M02$938157
=653  \0$azink$324$020139889$w06M04$938157
=653  \0$aklavecimbel_Frankrijk 18e eeuw$321, 23, 36$020139886$w06M02$933487
=653  \0$aklavecimbel_Frankrijk 18e eeuw$31 afb, 15$020139887$w06M03$933487
=653  \0$aklavecimbel_Frankrijk 18e eeuw$3fs, 21, 36$020139889$w06M04$933487
=653  \0$aklavecimbel_Frankrijk 18e eeuw$31, 12$020139888$w06M05$933487
=653  \0$aRameau$3ix, 24, 26, 46, 47$020139885$w06M01$938219
=653  \0$aRameau$35, 10, 54, 57, 59$020139889$w06M04$938219
=653  \0$aRameau, J.P.$331, 33, 55, 59, 61, 63, 64, 65, 66, 68, 69, 70, 71, 72, 73, 74, 75, 76$020139886$w06M02$938224
=653  \0$aRameau, J.P.$329, 56, 59, 61$020139887$w06M03$938224
=653  \0$aRameau, J.P.$353$020139888$w06M05$938224
=653  \0$aklavecimel_Frankrijk 18e eeuw$3naast 1, 11, 13, 30, 38$020139885$w06M01$933547
=653  \0$aRebel$36, 24, 25, 43$020139885$w06M01$938271
=653  \0$aRebel$360$020139887$w06M03$938271
=653  \0$aRebel$316, 49, 58, 59$020139889$w06M04$938271
=653  \0$aRebel, J.F.$314, 52, 56, 60, 61, 68, 69, 70, 71, 72, 73, 74, 75$020139886$w06M02$938276
=653  \0$akoffie$3140$020139887$w06M03$933661
=653  \0$aKohaut$333$020139887$w06M03$933664
=653  \0$akoor/orkestbezetting$31, 6-17, 38-40, 81, 111$020139885$w06M01$933678
=653  \0$akoor/orkestbezetting$314-27, 45-48, 85-86, 119, 120$020139886$w06M02$933678
=653  \0$akoor/orkestbezetting$310-21, 37-41, 47-49, 97, 119$020139887$w06M03$933678
=653  \0$akoor/orkestbezetting$310, 17-27, 34, 36-39, 44-46, 119$020139889$w06M04$933678
=653  \0$akoor/orkestbezetting$39-20, 33-37, 43-49, 77, 111, 112$020139888$w06M05$933678
=653  \0$aLalande$322, 23, 62$020139889$w06M04$933858
=653  \0$aLalande, de$312, 13$020139885$w06M01$933859
=653  \0$aRousseau, J.J.$364$020139886$w06M02$938595
=653  \0$aRousseau, J.J.$334, 63, 75, 135$020139887$w06M03$938595
=653  \0$aRousseau, J.J.$3140$020139889$w06M04$938595
=653  \0$aRoyer$360, 72, 75$020139886$w06M02$938607
=653  \0$aRoyer$356, 60$020139887$w06M03$938607
=653  \0$aRoyer$338, 58, 70$020139889$w06M04$938607
=653  \0$aLebègue$315?$020139886$w06M02$933966
=653  \0$asalaris$343, 47, 77-79, 91, 109$020139885$w06M01$938697
=653  \0$asalaris$352, 63, 81-83, 117$020139886$w06M02$938697
=653  \0$asalaris$353, 54, 83-85, 117$020139887$w06M03$938697
=653  \0$asalaris$349, 50, 85-87$020139889$w06M04$938697
=653  \0$asalaris$350, 51, 52$020139888$w06M05$938697
=653  \0$aLouis XIV en muziek$35, 6, 7, 9, 10$020139886$w06M02$934233
=653  \0$aLully$35, 57, 58, 59$020139889$w06M04$934271
=653  \0$aLully$328, 29$020139888$w06M05$934271
=653  \0$aLully_na dood$328, 56, 59, 60, 66$020139887$w06M03$934274
=653  \0$aLully, fam. (?)$35, 7, 8, 31, 32, 56, 59, 60, 61, 62, 65, 66, 69, 71, 72, 73, 74, 75, 76$020139886$w06M02$934275
=653  \0$aserpent$35$020139886$w06M02$939067
=653  \0$aslagwerk$313, 120$020139886$w06M02$939152
=653  \0$amise-en-scène$3139, 140$020139887$w06M03$939272
=653  \0$aMatho$361$020139886$w06M02$934525
=653  \0$aMatho$361$020139887$w06M03$934525
=653  \0$aMatho$359$020139889$w06M04$934525
=653  \0$aMondonville$39, 12, 43$020139885$w06M01$934813
=653  \0$aMondonville$316, 22, 52, 60, 61, 62, 63, 64, 65, 66, 69, 75$020139886$w06M02$934813
=653  \0$aMondonville$316, 53, 60$020139887$w06M03$934813
=653  \0$aMondonville$319, 22, 54, 58, 59$020139889$w06M04$934813
=653  \0$aMondonville$310$020139888$w06M05$934813
=653  \0$aMonsigny$324, 25, 117$020139885$w06M01$934830
=653  \0$aMonsigny$360$020139886$w06M02$934830
=653  \0$aMonsigny$3134$020139887$w06M03$934830
=653  \0$aMontéclair$365, 69$020139886$w06M02$934846
=653  \0$aMontéclair$365$020139887$w06M03$934846
=653  \0$aMontéclair$363, 67$020139889$w06M04$934846
=653  \0$amotet$35-7, 8$020139886$w06M02$934907
=653  \0$aMouret$346$020139885$w06M01$934915
=653  \0$aMouret$360, 61, 65, 66, 68, 71, 72, 73, 74$020139886$w06M02$934915
=653  \0$aMouret$358, 59$020139889$w06M04$934915
=653  \\$a\”auditie\"$393$928339$020139887$w06M03
=653  \\$aalt. lijst van opera's$357-74$928624$020139889$w06M04
=653  \\$aBaptiste$370$929070$020139887$w06M03
=653  \\$aBaptistin$370, 72$929073$020139886$w06M02
=653  \\$aBaptistin$368$929073$020139889$w06M04
=653  \\$aBenoit, C.$34, 5$929427$020139887$w06M03
=653  \\$aBertin, H.L.J.B.$3laatste bladzijde$929477$020139885$w06M01
=653  \\$aBesozzi$31$929490$020139885$w06M01
=653  \\$aBesozzi$317$929490$020139886$w06M02
=653  \\$aBesozzi$314$929490$020139887$w06M03
=653  \\$aBesozzi$320$929490$020139889$w06M04
=653  \\$aBesozzi$311$929490$020139888$w06M05
=653  \\$aBlanchard$36$929610$020139885$w06M01
=653  \\$aBlanchard$316$929610$020139889$w06M04
=653  \\$aBlanchard, E.J.A.$31, 2, 3, 4$929611$020139887$w06M03
=653  \\$aBruni$37$929992$020139885$w06M01
=653  \\$aBruni$315$929992$020139886$w06M02
=653  \\$aBury$39$930064$020139888$w06M05
=653  \\$aCamargo$344$930146$020139885$w06M01
=653  \\$aCamus$38, 9$930174$020139885$w06M01
=653  \\$aCharpentier$370$97656$020139886$w06M02
=653  \\$aCharpentier$370$97656$020139887$w06M03
=653  \\$aconcilie van Trente$36$930664$020139886$w06M02
=653  \\$aCouperin, Madame$313$930801$020139885$w06M01
=653  \\$aCouperin, Madame$323$930801$020139886$w06M02
=653  \\$aCupis$339$930871$020139885$w06M01
=653  \\$aDard, A.$314, 40$930945$020139885$w06M01
=653  \\$aDard, A.$320, 24, 48$930945$020139886$w06M02
=653  \\$aDard, A.$314, 18$930945$020139887$w06M03
=653  \\$aDard, A.$335, 46$930945$020139889$w06M04
=653  \\$aDard, A.$314, 17, 45$930945$020139888$w06M05
=653  \\$aDe Bury$36$930965$020139885$w06M01
=653  \\$aDe Bury$314, 55, 75$930965$020139886$w06M02
=653  \\$aDesmarets$360, 63, 64, 65, 69, 74, 75$931029$020139886$w06M02
=653  \\$aDesmarets$360$931029$020139887$w06M03
=653  \\$aDesmarets$358$931029$020139889$w06M04
=653  \\$aDu Caurroy$32, 3$931230$020139886$w06M02
=653  \\$aDuni$332, 126, 134$931300$020139887$w06M03
=653  \\$aDuport$334$931315$020139886$w06M02
=653  \\$aFavar$3109$931630$020139888$w06M05
=653  \\$aFouquet$36$931841$020139885$w06M01
=653  \\$aFrancoeur, fam$314, 20, 45, 52, 60, 61, 62, 66, 68, 69, 70, 71, 72, 73, 74$931858$020139886$w06M02
=653  \\$aGobert$35$932243$020139886$w06M02
=653  \\$aGrétry$3127$932387$020139886$w06M02
=653  \\$aGrétry$3109, 117, 119$932387$020139888$w06M05
=653  \\$aGuignon$312$932477$020139885$w06M01
=653  \\$aGuignon$322$932477$020139886$w06M02
=653  \\$aGuignon$322$932477$020139889$w06M04
=653  \\$aGuillemain$39$932480$020139885$w06M01
=653  \\$aGuillemain$319$932480$020139889$w06M04
=653  \\$aGuillemain, G.$35, 6$932481$020139887$w06M03
=653  \\$aHuet$310, 32, 105$932975$020139885$w06M01
=653  \\$aHuet$317, 38$932975$020139886$w06M02
=653  \\$aHyacinte$336, 50$933039$020139889$w06M04
=653  \\$aImbault$338$933045$020139885$w06M01
=653  \\$aImbault$346$933045$020139886$w06M02
=653  \\$aJadin$325$933174$020139886$w06M02
=653  \\$aJeliot$316, 53$933198$020139887$w06M03
=653  \\$aJéliot$322, 52$933199$020139886$w06M02
=653  \\$aLacoste$362, 71, 74$933848$020139886$w06M02
=653  \\$aLe Gros$38, 30$933960$020139885$w06M01
=653  \\$aLe Gros$319, 36$933960$020139886$w06M02
=653  \\$aLe Gros$336$933960$020139889$w06M04
=653  \\$aLeclair, J.M.$373$933972$020139886$w06M02
=653  \\$aMarais, Marin$355, 59, 60, 61, 73$912780$020139886$w06M02
=653  \\$aMarais, Marin$359, 60$912780$020139887$w06M03
=653  \\$aMarais, Marin$357, 58, 59$912780$020139889$w06M04
=653  \\$aMarchand, fam$37, 12, 16$934452$020139885$w06M01
=653  \\$aMatthieu$36, 9, 13$934542$020139885$w06M01
=653  \\$aminaret$37$934768$020139886$w06M02
=653  \\$aminiatuurtheater$3139$934770$020139887$w06M03
=653  \\$aMion$313, 36$934774$020139885$w06M01
=653  \\$aMion$323, 61, 70$934774$020139886$w06M02
=653  \\$anieuwe toneel zaal$3iii-viii$935244$020139885$w06M01
=653  \\$aPiccini$343$935958$020139886$w06M02
=653  \\$aPicot, E.$34$935965$020139886$w06M02
=653  \\$arepeteren$346$938377$020139889$w06M04
=653  \\$aritornello en motet$35-10$938475$020139886$w06M02
=653  \\$aRobert$35, 6, 7$938487$020139886$w06M02
=653  \\$aSieber$347$939104$020139886$w06M02
=653  \\$aSimon$313$939126$020139885$w06M01
=653  \\$aSimon$323$939126$020139886$w06M02
=653  \\$aSolomon$374$920906$020139886$w06M02
=653  \\$atheater$3i-iv$936885$020139886$w06M02
=653  \\$aThéobalde$363, 73$936892$020139886$w06M02
=653  \\$aTravenol$343$937084$020139885$w06M01
=653  \\$aTravenol$353$937084$020139886$w06M02
=653  \\$aVincent$353$915303$020139886$w06M02
=856  \\$uhttps://www.loc.gov/item/2014572211/$31792
=942  \\$cBOO
=952  \\$00$10$2ddc$40$6KTS_1_000000000000000_C2_53_06M01$70$8RAR$91359$aORPH$bORPH$cKTS1_C2$d2020-07-08$eKoopman$l0$oKTS1 C2.53 06M01$p20139885$r2021-01-12 00:00:00$w2021-01-12$yBOO
=952  \\$00$10$2ddc$31792$40$6KTS_1_000000000000000_C2_53_06M02$70$8RAR$922310$aORPH$bORPH$cKTS1_C2$d2020-07-08$eKoopman$l0$oKTS1 C2.53 06M02$p20139886$r2022-12-13 00:00:00$w2021-01-12$yBOO
=952  \\$00$10$2ddc$40$6KTS_1_000000000000000_C2_53_06M03$70$8RAR$922311$aORPH$bORPH$cKTS1_C2$d2020-07-08$eKoopman$l0$oKTS1 C2.53 06M03$p20139887$r2022-12-13 00:00:00$w2021-01-12$yBOO
=952  \\$00$10$2ddc$40$6KTS_1_000000000000000_C2_53_06M04$70$8RAR$922312$aORPH$bORPH$cKTS1_C2$d2020-07-08$eKoopman$l0$oKTS1 C2.53 06M04$p20139889$r2022-12-13 00:00:00$w2021-01-12$yBOO
=952  \\$00$10$2ddc$40$6KTS_1_000000000000000_C2_53_06M05$70$8RAR$922313$aORPH$bORPH$cKTS1_C2$d2020-07-08$eKoopman$l0$oKTS1 C2.53 06M05$p20139888$r2022-12-13 00:00:00$w2021-01-12$yBOO
=999  \\$d1359

