=LDR  01813aam a2200277   4500
=001  1360
=008  221214s1570\\\\||||||||\||||\00|\0dita\d
=041  \\$aita
=100  \\$aRoseo, Mambrino,$dactive 16th century$4aut$1http://www.wikidata.org/entity/Q919480$925459
=245  \\$aHistoria de' successori di Alessandro Magno 
=260  \\$aVenice$bZiletti$c1570
=300  \\$a[116]-550 pages
=500  \\$aZiletti's printer's emblem on title page is an Orpheus figure playing a violin-like instrument, with a lion and a unicorn? 
=561  \\$aEx libris Nicolaus Mednijantzkij v. Medgyes K.K. General-Feldt-Wachtmeister (large armorial bookplate)
=563  \\$aBound in vellum
=590  \\$aEt della disunione del suo Imperio, co'l successo delle guerre de' Satrapi fra loro. Raccolta da diuersi auttori, & in gran parte da Diodoro Siculo; per M. Mambrino Roseo da Fabriano. Opera bella & notabile molto, non più ueduta nella lingua nostra. Aggiuntaui la vita di esso Alessandro Magno, descritta da Plutarco. Con la sua tauola
=648  \0$a16th Century (1501-1600)$1http://www.wikidata.org/entity/Q7017$920944
=648  \0$aClassical Antiquity (8th Century BC-6th Century AD)$1http://www.wikidata.org/entity/Q486761$921435
=650  \0$aBiography$1http://www.wikidata.org/entity/Q36279$91927
=651  \0$aItaly$1http://www.wikidata.org/entity/Q38$922
=700  \\$4aut$aDiodorus$cSiculus$1http://www.wikidata.org/entity/Q171241$96004
=700  \\$4aut$aPlutarchus$d46-after 119$1http://www.wikidata.org/entity/Q41523$95727
=856  \\$uhttps://books.google.be/books?id=HfaKEBSaTdQC$3Google Books
=942  \\$cBOO
=952  \\$00$10$2ddc$40$6KTS_1_000000000000000_C2_53_06M06$70$8RAR$91360$aORPH$bORPH$cKTS1_C2$d2020-07-08$eKoopman$l0$oKTS1 C2.53 06M06$p20139891$r2021-01-12 00:00:00$w2021-01-12$yBOO
=999  \\$d1360

