=LDR  03659aaa a2200349   4500
=001  1361
=008  210412s1824\\\\\\\c||||\||||\00|\p\dut\d
=041  \\$adut
=100  \\$4aut$aHaren, Willem van$d1710-1768$1http://www.wikidata.org/entity/Q779978$95947
=240  \\$aGevallen van Friso, koning der Gangariden en Prasiaten
=245  \\$aGedichten van Willem van Haren
=260  \\$aAmsterdam$bWesterman$c1824
=300  \\$a64-199-xl-233-[7] pages$b2 engraved portraits
=490  \\$aDichterlijke werken van Willem en Onno Zwier van Haren$v1&2
=500  \\$aFriso, an epic poem by Willem Van Haren, was first published in 1641
https://books.google.be/books?id=H1oTAAAAQAAJ
=500  \\$aFriso is a boy's name, a latinisation of Fries. Possibly the name is linked to an early modern historiography that claimed Friesland was named after a legendary founder of the same name. The mythical Friso was the son of the Indian king Adel, a descendant of Shem, the son of Noah. Because of overpopulation, Friso and his brothers Saxo and Bruno led some of the people by ships to the Macedonia of Philippus, the father of Alexander the Great. Friso shared in the latter's victories, but then travelled on with brothers and people via the Strait of Gibraltar to present-day Holland. They built a temple to their god Stavo and Stavoren became Friso's residence. He was crowned around 320 BC and was Friesland's first king. He reigned for 68 years. His brother Saxo moved eastwards and became the ancestor of the Saxons, while Bruno became founder of Brunswick. Friso's grandson Gruno became the founder of Groningen. 
=500  \\$aHowever, this myth, compiled on the basis of fabricated chronicles and apocryphal stories, was rejected by the Frisian historian Ubbo Emmius as early as the 17th century and dismissed as a complete fabrication, and within modern historiography, this myth first published in 1590 by Suffridus Petrus is also considered nonsensical
=500  \\$aFront matter contains pasted engravings with the portraits of Willem and his brother Onno Zwier van Haren by Philippus Velijn (1787-1836)
=500  \\$aSee 06M07 for part 3-4 of Dichterlijke Werken van Willem en Onno Zwier van Haren.
=505  \\$gPart 1: 'Gedichten van Willem van Haren (s.d., s.l.,s.n.): Introduction by Jeronimo De Vries 1822 -- Willem van Haren: 'Gevallen van Friso, koning der Gangariden en Prasiaten' (book 1 to 5).
Part 2:  'Werken der Van Harens 1824: List of subscribers -- 'Gevallen van Friso' (Book 6 to 10) -- Schets en Denkbeeld door Den Heere Clement, Nopens dit werk opgegeeven (Uit het Fransch vertaald) -- poems on Willem Van Haren by Gerhardus Schroder, Voltaire, P.A. De Huybert & J.J. Mauricius
=648  \0$a18th Century (1701-1800)$1http://www.wikidata.org/entity/Q7015$920899
=650  \0$aPoetry$1http://www.wikidata.org/entity/Q482$93026
=650  \0$aLiterature$1http://www.wikidata.org/entity/Q8242$94439
=650  \0$aMythology$1http://www.wikidata.org/entity/Q9134$921600
=651  \0$aNetherlands$1http://www.wikidata.org/entity/Q55$9173
=651  \0$aFriesland (Netherlands)$1http://www.wikidata.org/entity/Q770$921961
=700  \\$4win$aVries, Jeronimo de$d1776-1853$1http://www.wikidata.org/entity/Q3177435$95809
=856  \\$uhttps://books.google.ws/books?id=5opZy4aNK80C&hl=nl&pg=PP6#v=onepage&q&f=false$3vol.1
=856  \\$uhttps://books.google.be/books?id=7oo9AAAAYAAJ&pg=PP9#v=onepage&q&f=false$3vol.2
=942  \\$cBOO
=952  \\$00$10$2ddc$3vol. 1-2/6$40$6KTS_1_000000000000000_C2_43_06G02$70$8RAR$91281$aORPH$bORPH$cKTS1_C2$d2020-07-08$eKoopman$l0$oKTS1 C2.43 06G02$p20139576$r2021-01-12 00:00:00$w2021-01-12$yBOO
=999  \\$d1361

