=LDR  01741aam a2200265   4500
=001  1362
=008  221214s1652\\\\|||cf|||\||||\00|\0dlat\d
=041  \\$alat
=100  \\$aSande, Johan van den$d1568-1638$4aut$1http://www.wikidata.org/entity/Q18093440$96006
=245  \\$aBelgicarum historiarum epitome
=260  \\$aUtrecht$bvan Waesberge$c1652
=300  \\$a[iv]-427-[35] pages$bengraved titlepage, 25 full page engraved portraits and 4 fold-out engravings.
=500  \\$aJohan van den Sande was a prominent writer of the law of Friesland, a member of the Court of Friesland and also a historian. 
=504  \\$aContains an extensive index.
=561  \\$aName erased from tp.
=590  \\$aQua Initium, progressus, & exitus motuum atque discordiarum lucidè demonstrantur, ab anno 1566 ad 1648. Auctore Nobili Viro DOmino Johanne van den Sande, in Curia Frisiorum, Senatore primario. Deinceps vero ad annum 1648, cum conclusione atque publicatione pacis, desinens. Iconibus Gubernatorum omnium in Belgio, are incisis adornata. Novissime Latinitati ex Belgico sermone donata, Editio. 
=648  \0$a17th Century (1601-1700)$1http://www.wikidata.org/entity/Q7016$920923
=648  \0$a16th Century (1501-1600)$1http://www.wikidata.org/entity/Q7017$920944
=650  \0$aHistory$1http://www.wikidata.org/entity/Q309$921403
=651  \0$aNetherlands$1http://www.wikidata.org/entity/Q55$9173
=651  \0$aBelgium$1http://www.wikidata.org/entity/Q31$920881
=856  \\$uhttps://books.google.be/books?id=tY6MX1NSBEAC$3Google Books
=942  \\$cBOO
=952  \\$00$10$2ddc$40$6KTS_1_000000000000000_C2_53_06M08$70$8RAR$91362$aORPH$bORPH$cKTS1_C2$d2020-07-08$eKoopman$l0$oKTS1 C2.53 06M08$p20139893$r2021-01-12 00:00:00$w2021-01-12$yBOO
=999  \\$d1362

