=LDR  01847aam a2200265   4500
=001  1364
=008  221214s1649\\\\||||||||\||||\00|\0\lat\d
=041  \\$alat
=100  \\$aSeneca, Lucius Annæus$dc. 4 BC-65 AD$4aut$1http://www.wikidata.org/entity/Q2054$94831
=245  \\$aL. Annaei Senecae Philosophi Opera omnia
=260  \\$aLeiden$bElsevier$c1649
=300  \\$a2 vols. in 1 ([46]-552-718 pages)$bfirst volume has an engraved titlepage, written index of the main subjects of the first volume in end matter
=500  \\$aThe first volume contains an Epistola Dedicatoria by Gronovius to Christina Queen of Sweden. Also a short Vita of Seneca is included, as well as some fragments from his books, and an engraving of the elder Seneca standing in a bathtub (after a Rubens painting).
=500  \\$aThe second volume contains the 'Epistolae & Quaestiones Naturales'.
=590  \\$aEx ult. I. Lipsii & I.F. Gronovii emendat: et M. Annei Senecae Rhetoris quae extant; Ex And. Schotti recens.
=648  \0$a17th Century (1601-1700)$1http://www.wikidata.org/entity/Q7016$920923
=648  \0$aClassical Antiquity (8th Century BC-6th Century AD)$1http://www.wikidata.org/entity/Q486761$921435
=650  \0$aPhilosophy$1http://www.wikidata.org/entity/Q5891$92357
=650  \0$aCorrespondence$1http://www.wikidata.org/entity/Q1784733$921392
=700  \\$4win$4edt$aGronovius, Johann Friedrich $d1611-1671$1http://www.wikidata.org/entity/Q67520$921729
=700  \\$4edt$aLipsius, Justus$d1547-1606$1http://www.wikidata.org/entity/Q315871$96803
=700  \\$4edt$aSchottus, Andreas$d1552-1629$1http://www.wikidata.org/entity/Q2848635$925460
=942  \\$cBOO
=952  \\$00$10$2ddc$40$6KTS_1_000000000000000_C2_53_06M10$70$8RAR$91364$aORPH$bORPH$cKTS1_C2$d2020-07-08$eKoopman$l0$oKTS1 C2.53 06M10$p20139896$r2021-01-12 00:00:00$w2021-01-12$yBOO
=999  \\$d1364

