=LDR  01687aam a2200253   4500
=001  1365
=008  221214s1821\\\\||||||||\||||\00|\p\fre\d
=041  \\$afre
=100  \\$aMorel de Vindé, Charles Gilbert$d1759-1842$4aut$1http://www.wikidata.org/entity/Q8327735$96007
=245  \\$aLa Morale de l'Enfance,$bou quatrains moraux, à la portée des enfants
=260  \\$aParis$aAmsterdam$aThe Hague$bDeterville$bCleef$c1821
=300  \\$a112 pages$bin a decorative paper cover
=500  \\$aOriginally published in 1790
=500  \\$aCharles-Gilbert Morel was a French magistrate and politician who published literary works and works on agricultural subjects. 
"Il écrit un livre sur la maladie du charbon des moutons, où, bien avant Pasteur, il semble avoir l’intuition de l’existence des microbes et de leur rôle dans cette maladie." (wikipedia)
=561  \\$aEx libris Van der Meulen (ms inside front cover) and some other illegible names/notes. 
=590  \\$aet rangés par ordre méthodique; par Ch.-G. Morel de Vindé, pair de France, et Correspondent de la première classe de l'Institut
=648  \0$a18th Century (1701-1800)$1http://www.wikidata.org/entity/Q7015$920899
=648  \0$a19th Century (1801-1900)$1http://www.wikidata.org/entity/Q6955$920935
=650  \0$aPoetry$1http://www.wikidata.org/entity/Q482$93026
=650  \0$aMoral education$1http://www.wikidata.org/entity/Q25457248$93171
=651  \0$aFrance$1http://www.wikidata.org/entity/Q142$9131
=942  \\$cBOO
=952  \\$00$10$2ddc$40$6KTS_1_000000000000000_C2_53_06M11$70$8RAR$91365$aORPH$bORPH$cKTS1_C2$d2020-07-08$eKoopman$l0$oKTS1 C2.53 06M11$p20139894$r2021-01-12 00:00:00$w2021-01-12$yBOO
=999  \\$d1365

