=LDR  01449aam a2200277   4500
=001  1366
=008  221214s1684\\\\||||||||\||||\00|\p\lat\d
=041  \\$alat
=100  \\$aOvidius$d43 BC-17$4aut$1http://www.wikidata.org/entity/Q7198$95683
=240  \\$aTristia
=245  \\$aP. Ovidii Nasonis Tristium Libri V
=260  \\$aThe Hague$bRammazini$c1684
=300  \\$a[xii]-172-[50] pages$bleather binding, contains several scribbles
=500  \\$ascribbles on engraved tp, tp, page 2, 22, 40, 77, 172.
=561  \\$aEx libris John Brand (ms crossed out on tp), rest of notes not legible. 
=561  \\$aEx libris Robert Hay ? (see page 22)
=563  \\$asome wormholes
=590  \\$aCum Notus perpetuis Johannis Min-ellii, adjuncto indice copiosissimo rerum & verborum, cum in textu tum in notis memorabilium.
=648  \0$a17th Century (1601-1700)$1http://www.wikidata.org/entity/Q7016$920923
=648  \0$aClassical Antiquity (8th Century BC-6th Century AD)$1http://www.wikidata.org/entity/Q486761$921435
=650  \0$aPoetry$1http://www.wikidata.org/entity/Q482$93026
=700  \\$4ann$4edt$aMinellius, Johannes$d1625-1683$95746
=856  \\$uhttps://books.google.be/books?id=q4JoAAAAcAAJ&pg=PP3#v=onepage&q&f=false$3Google Books
=942  \\$cBOO
=952  \\$00$10$2ddc$40$6KTS_1_000000000000000_C2_53_06M12$70$8RAR$91366$aORPH$bORPH$cKTS1_C2$d2020-07-08$eKoopman$l0$oKTS1 C2.53 06M12$p20139895$r2021-01-12 00:00:00$w2021-01-12$yBOO
=999  \\$d1366

