=LDR  01053aam a2200205   4500
=001  1368
=008  221214s1716\\\\||||||||\||||\00|\0\fre\d
=041  \\$afre
=100  \\$aBordelon, Laurent$cAbbé$d1653-1730$4aut$1http://www.wikidata.org/entity/Q3219052$96009
=245  \\$aLa coterie des anti-façonniers
=260  \\$aParis$bLe Clerc$c1716
=300  \\$a[vi]-152 pages
=500  \\$aBy describing the members of this peculiar group Bordelon gives a (satyrical?) insight in early 18th century Paris society.  
=590  \\$aEtablie dans L.C.J.D.B.L.S. Premiere Relation, où l'on traite de l'établissement de cette Coterie
=648  \0$a18th Century (1701-1800)$1http://www.wikidata.org/entity/Q7015$920899
=650  \0$aSatire$1http://www.wikidata.org/entity/Q128758$921636
=651  \0$aParis (France)$1http://www.wikidata.org/entity/Q90$9160
=942  \\$cBOO
=952  \\$00$10$2ddc$40$6KTS_1_000000000000000_C2_53_06N02$70$8RAR$91368$aORPH$bORPH$cKTS1_C2$d2020-07-08$eKoopman$l0$oKTS1 C2.53 06N02$p20139898$r2021-01-12 00:00:00$w2021-01-12$yBOO
=999  \\$d1368

