=LDR  02056aam a2200409   4500
=001  1369
=005  20250923161048.0
=008  221214s1552\\\\||||||||\||||\00|\0\ita\d
=041  \\$aita
=100  \\$aCastiglione, Baldassarre$d1478-1529$4aut$1http://www.wikidata.org/entity/Q211133$923016
=245  \\$aIl libro del cortegiano
=260  \\$aVenice$bFerrari$c1552
=300  \\$a408 pages
=500  \\$aPrinters' emblems on title page and on last page; beautiful italic typography, with illuminated capitals hand-colored with red ink
=534  \\$aOriginally published in 1528
=561  \\$aEx libris Giorgio S... (ms name on tp)
=590  \\$aNuovamente con somma diligenza corretto, & reviso per il Dolce, secondo l'essemplare del proprio autore
=648  \0$a16th Century (1501-1600)$1http://www.wikidata.org/entity/Q7017$920944
=650  \0$aMoral education$1http://www.wikidata.org/entity/Q25457248$93171
=650  \0$aCourt$1http://www.wikidata.org/entity/Q1134237$922191
=650  \0$aNobility$1http://www.wikidata.org/entity/Q134737$93602
=650  \0$aEtiquette$1http://www.wikidata.org/entity/Q188907$925373
=651  \0$aItaly$1http://www.wikidata.org/entity/Q38$922
=653  \0$adansen$359, 60, 119, 120$020139897$w06N03$930928
=653  \0$aemoties$346, 87$020139897$w06N03$931445
=653  \0$agagliarde$360$020139897$w06N03$931974
=653  \0$agamba$362$020139897$w06N03$931995
=653  \0$aviool$362?$020139897$w06N03$937605
=653  \0$azingen$361, 62, 87, 119$020139897$w06N03$938150
=653  \0$amuziek$345, 46, 61, 62, 63, 119, 120$020139897$w06N03$934990
=653  \\$acantare alla viola$361, 62$930187$020139897$w06N03
=653  \\$ainstrument niet voor vrouwen$3119$933087$020139897$w06N03
=653  \\$asprezzatura$360$936447$020139897$w06N03
=942  \\$cBOO
=952  \\$00$10$2ddc$40$6KTS_1_000000000000000_C2_53_06N03$70$8RAR$91369$aORPH$bORPH$cKTS1_C2$d2020-07-08$eKoopman$l0$oKTS1 C2.53 06N03$p20139897$r2021-01-12 00:00:00$w2021-01-12$yBOO
=999  \\$d1369
=533  \\$aDigitized by iGuana, Spring 2025.

