=LDR  03778aam a2200361   4500
=001  1370
=005  20251001162233.0
=008  211123s1683\\\\\\\|||||\||||\00|\0\fre\d
=041  \\$afre
=100  \\$aBoileau Despréaux, Nicolas$d1636-1711$4aut$1http://www.wikidata.org/entity/Q188857$94839
=245  \\$aŒuvres diverses du Sieur D***$bavec le traité du sublime ou du merveilleux dans le discours 
=250  \\$arev. ed.
=260  \\$aAmsterdam$bWolfgang$c1683
=300  \\$a380-[16] pages$bengraved title page + 4 full page engravings
=500  \\$aOriginally published in 1674
=500  \\$asee also 01D10
=500  \\$aa further, revised edition was published in 1692
=500  \\$aOn the Sublime (Greek: Περì Ὕψους Perì Hýpsous; Latin: De sublimitate) is a Roman-era Greek work of literary criticism dated to the 1st century AD. Its author is unknown, but is conventionally referred to as Longinus (/lɒnˈdʒaɪnəs/; Ancient Greek: Λογγῖνος Longĩnos) or Pseudo-Longinus. It is one of the great seminal works of literary criticism, and is regarded as a classic work on aesthetics and the effects of good writing. The treatise highlights examples of good and bad writing from the previous millennium, focusing particularly on what may lead to the sublime. 
=500  \\$aThe earliest surviving manuscript, from the 10th century, first printed in 1554, ascribes it to Dionysius Longinus. Later it was noticed that the index to the manuscript read “Dionysius or Longinus.” The problem of authorship embroiled scholars for centuries, attempts being made to identify him with Dionysius of Halicarnassus, Cassius Longinus, Plutarch, and others. The solution has been to name him Pseudo-Longinus.

On the Sublime apparently dates from the 1st century ad, because it was a response to a work of that period by Caecilius of Calacte, a Sicilian rhetorician. About a third of the manuscript is lost. Longinus defines sublimity (Greek hypsos) in literature as “the echo of greatness of spirit,” that is, the moral and imaginative power of the writer that pervades a work. Thus, for the first time greatness in literature is ascribed to qualities innate in the writer rather than in the art.

The author suggests that greatness of thought, if not inborn, may be acquired by emulating great authors such as his models (chief among them Homer, Demosthenes, and Plato). Quotations that were chosen to illustrate the sublime and its opposite occasionally also preserve work that would otherwise now be lost—e.g., one of Sappho’s odes. Longinus is one of the first Greeks to cite a passage from the Bible (Genesis 1:3–9). 
=590  \\$atraduit du Grec de Longin. Nouvelle Edition revenë & augmentée de diverses Pieces nouvelles
=648  \0$a17th Century (1601-1700)$1http://www.wikidata.org/entity/Q7016$920923
=650  \0$aLiterature$1http://www.wikidata.org/entity/Q8242$94439
=650  \0$aCorrespondence$1http://www.wikidata.org/entity/Q1784733$921392
=650  \0$aSatire$1http://www.wikidata.org/entity/Q128758$921636
=650  \0$aPoetry$1http://www.wikidata.org/entity/Q482$93026
=650  \0$aSublime$1http://www.wikidata.org/entity/Q999803$923135
=650  \0$aAesthetics$1http://www.wikidata.org/entity/Q35986$921494
=650  \0$aPhilosophy$1http://www.wikidata.org/entity/Q5891$92357
=700  \\$4aut$aLonginus$dc. 213-273$1http://www.wikidata.org/entity/Q436634$96011
=856  \\$uhttps://books.google.be/books/about/Oeuvres_diverses_du_sieur_D.html?hl=fr&id=5QlpAAAAcAAJ&redir_esc=y$3Google Books
=942  \\$cBOO
=952  \\$00$10$2ddc$40$6KTS_1_000000000000000_C2_53_06N04$70$8RAR$91370$aORPH$bORPH$cKTS1_C2$d2020-07-08$eKoopman$i06N04$oKTS1 C2.53 06N04$p20137874$r2021-01-12 00:00:00$w2021-01-12$yBOO
=999  \\$d1370

