=LDR  01325aam a2200253   4500
=001  1371
=008  221215s1788\\\\||||||||\d|||\00|\0\fre\d
=041  \\$afre
=100  \\$aChompré, Pierre$d1698-1760$4aut$1http://www.wikidata.org/entity/Q3384432$96012
=245  \\$aDictionnaire abrégé de la fable
=250  \\$a11th ed.
=260  \\$aRouen$bRacine$c1788
=300  \\$avi-407 pages
=500  \\$aOriginally published in 1727, this book was translated into many languages and reprinted many times until the middle of the nineteenth century.
=500  \\$acontains some pen scribblings
=561  \\$aperhaps Ex libris Bruillot, see manuscript name on page 7
=590  \\$aPour l'intelligence des Poëtes, des Tableaux & des Statues, dont les sujects sons tirés de l'Histoire Poétique
=648  \0$a18th Century (1701-1800)$1http://www.wikidata.org/entity/Q7015$920899
=650  \0$aDictionary$1http://www.wikidata.org/entity/Q23622$921580
=650  \0$aMythology$1http://www.wikidata.org/entity/Q9134$921600
=856  \\$uhttps://books.google.be/books?id=47g_AAAAcAAJ&pg=PR1#v=onepage&q&f=false$3Google Books
=942  \\$cBOO
=952  \\$00$10$2ddc$40$6KTS_1_000000000000000_C2_53_06N05$70$8RAR$91371$aORPH$bORPH$cKTS1_C2$d2020-07-08$eKoopman$l0$oKTS1 C2.53 06N05$p20139902$r2021-01-12 00:00:00$w2021-01-12$yBOO
=999  \\$d1371

