=LDR  02492aam a2200265   4500
=001  1372
=008  221215i17111713|||a||||\||||\00|\1\fre\d
=041  \\$afre$hPersian
=100  \\$4trl$4aut$aCroix Jr, François Pétis de la$d1653-1713$1http://www.wikidata.org/entity/Q561423$925463
=245  \\$aLes Mille & Un Jour.$bContes Persans; traduit en François$n1-5/5
=260  \\$aAmsterdam$bCoup, de$c1711-1713
=300  \\$a2 vols. (2 vols. in 1 ([vii]-304-[vii]-308 pages) + 3 vols. in 1 ([v]-328-[ix]-332-[vi]-364 pages))$btitle pages in red & black ink, engraved frontispieces
=500  \\$a'Les mille et un jours' is a collection of fairy tales based on the model of One Thousand and One Nights. It was published in five volumes between 1710 and 1712. De la Croix supposedly translated it from a Persian compilation titled Hazar u yek ruz (هزار و یک روز, lit. A Thousand and One Days) which he acquired from one 'Dervish Mocles' or 'Moklas' in Isfahan in 1675. It is unclear how much of this is true, and how much of the collection was actually invented by Pétis de la Croix himself.
=500  \\$aDe la Croix is a French orientalist, diplomat, professor of Arabic and interpreter to Louis XIV. He spoke Arabic, Persian and Turkish
=500  \\$aDigitalisation of the 1729 edition, see: 
https://gallica.bnf.fr/ark:/12148/bpt6k1526163n?rk=21459;2
https://gallica.bnf.fr/ark:/12148/bpt6k1526161t?rk=42918;4
https://gallica.bnf.fr/ark:/12148/bpt6k1526165g?rk=64378;0
https://gallica.bnf.fr/ark:/12148/bpt6k15261679?rk=107296;4
https://gallica.bnf.fr/ark:/12148/bpt6k15261694?rk=85837;2
=648  \0$a18th Century (1701-1800)$1http://www.wikidata.org/entity/Q7015$920899
=650  \0$aMythology$1http://www.wikidata.org/entity/Q9134$921600
=650  \0$aOrientalism$1http://www.wikidata.org/entity/Q101103763$922490
=650  \0$aFairy tale$1http://www.wikidata.org/entity/Q699$94594
=650  \0$aNovel$1http://www.wikidata.org/entity/Q8261$921629
=700  \\$4trl$aCroix Jr, François Pétis de la$d1653-1713$1http://www.wikidata.org/entity/Q561423$925463
=942  \\$cBOO
=952  \\$00$10$2ddc$3vol. 1-2$40$6KTS_1_000000000000000_C2_53_06N06$70$8RAR$91372$aORPH$bORPH$cKTS1_C2$d2020-07-08$eKoopman$l0$oKTS1 C2.53 06N06$p20139899$r2021-01-12 00:00:00$w2021-01-12$yBOO
=952  \\$00$10$2ddc$3vol. 3-5$40$6KTS_1_000000000000000_C2_53_06N07$70$8RAR$922314$aORPH$bORPH$cKTS1_C2$d2020-07-08$eKoopman$l0$oKTS1 C2.53 06N07$p20139900$r2022-12-15 00:00:00$w2021-01-12$yBOO
=999  \\$d1372

