=LDR  01529aam a2200241   4500
=001  1373
=008  221215s1769\\\\||||||||\||||\00|\0\fre\d
=041  \\$afre
=100  \\$aGauthier, François Louis$d1696-1780$4aut$1http://www.wikidata.org/entity/Q106351974$94930
=245  \\$aTraité contre les danses et les mauvaises chansons
=260  \\$aParis$bBoudet$c1769
=300  \\$alii-286-viii-120-[4] pages$bleather bound, embossed gilded spine, marbled endpapers
=590  \\$aDans lequel le danger & le mal qui y sont renfermés sont démontrés par les Témoignanges multipliés des saintes Ecritures, des SS. PP. des Consiles, de plusieurs Evêques du siècle passé & du nôtre, d'un nombre de Tjéologiens moraux & de Casuistes, de Juriconsultes, de plusieurs Ministres Protestans, & des Paîens même.
=648  \0$a18th Century (1701-1800)$1http://www.wikidata.org/entity/Q7015$920899
=650  \0$aMusic criticism$1http://www.wikidata.org/entity/Q11748889$921598
=650  \0$aMoral education$1http://www.wikidata.org/entity/Q25457248$93171
=650  \0$aDance$1http://www.wikidata.org/entity/Q11639$924845
=650  \0$aReligion$1http://www.wikidata.org/entity/Q9174$93062
=651  \0$aFrance$1http://www.wikidata.org/entity/Q142$9131
=856  \\$uhttps://books.google.be/books?id=9dksAAAAYAAJ$3Google Books
=942  \\$cBOO
=952  \\$00$10$2ddc$40$6KTS_1_000000000000000_C2_53_06N08$70$8RAR$91373$aORPH$bORPH$cKTS1_C2$d2020-07-08$eKoopman$l0$oKTS1 C2.53 06N08$p20139901$r2021-01-12 00:00:00$w2021-01-12$yBOO
=999  \\$d1373

