=LDR  01699aam a2200289   4500
=001  1374
=008  221215s1670\\\\||||||||\||||\00|\0\fre\d
=041  \\$afre
=100  \\$aPavillon, Nicolas$d1597-1677$4aut$1http://www.wikidata.org/entity/Q3340656$96014
=245  \\$aLes Instructions du Rituel du Diocese d'Alet
=250  \\$a2nd ed.
=260  \\$aParis$bSavreux$c1670
=300  \\$a[x]-723-[8] pages$bcontains 1 fold-out plate
=500  \\$aNicolas Pavillon (1597-1677) was a French bisshop and a Jansenist. He came in conflict with pope Alexander VII and King Louis XIV.
=500  \\$aThis book contains a fold-out plate titled 'Mesures des tonsures', which is a guide for clergy to know the size of their tonsures (the shaven bald spot on top of the head). 

=500  \\$aContains instructions for clerics on a wide variety of subjects in the form of questions and answers.
=561  \\$aEx libris W: Boshuysen 1763 (ms on flyleaf)
=563  \\$adamaged leather binding, the back is coming off, in need of repair.
=648  \0$a17th Century (1601-1700)$1http://www.wikidata.org/entity/Q7016$920923
=650  \0$aReligion$1http://www.wikidata.org/entity/Q9174$93062
=650  \0$aCatholicism$1http://www.wikidata.org/entity/Q1841$921631
=650  \0$aJansenism$1http://www.wikidata.org/entity/Q1287$921791
=651  \0$aFrance$1http://www.wikidata.org/entity/Q142$9131
=856  \\$uhttps://books.google.be/books?id=VIEIJ3TlLBQC&hl=fr&pg=PP5#v=onepage&q&f=false$3Google Books
=942  \\$cBOO
=952  \\$00$10$2ddc$40$6KTS_1_000000000000000_C2_53_06N09$70$8RAR$91374$aORPH$bORPH$cKTS1_C2$d2020-07-08$eKoopman$l0$oKTS1 C2.53 06N09$p20139903$r2021-01-12 00:00:00$w2021-01-12$yBOO
=999  \\$d1374

