=LDR  01436aam a2200265   4500
=001  1375
=008  221215s1698\\\\||||||||\||||\00|\p\lat\d
=041  \\$alat
=100  \\$aSanteul, Jean-Baptiste de $d1630-1697$4aut$1http://www.wikidata.org/entity/Q1243332$96015
=245  \\$aHymni sacri et novi
=260  \\$aParis$bThierry$c1698
=300  \\$a[xviii]-306-[6]-12 pages
=500  \\$aThe hymns are text only, but there are 12 pages of plainchant notations in the back (In festo omnium sacntorum).
=500  \\$aVictorino Santolio is the Latin version/pseudonym of Jean-Baptiste de Santeul, a French poet who wrote mainly in Latin. 
=504  \\$aContains an index
=561  \\$aDedication in Latin (to Antonius Quierz ?) on verso of titlepage, dated 1755.
=590  \\$aIn quâ Hymni omnes, quos Autor usque ad mortem concinuerat, reperiuntur
=650  \0$aVocal music$1http://www.wikidata.org/entity/Q685884$93319
=650  \0$aVocal music$1http://www.wikidata.org/entity/Q685884$93319
=650  \0$aPlainchant$1http://www.wikidata.org/entity/Q2707688$921363
=650  \0$aLiturgy$1http://www.wikidata.org/entity/Q172331$92284
=856  \\$uhttps://books.google.be/books?id=nUFnEYpXLVgC$3[a slightly different edition]
=942  \\$cBOO
=952  \\$00$10$2ddc$40$6KTS_1_000000000000000_C2_53_06N10$70$8RAR$91375$aORPH$bORPH$cKTS1_C2$d2020-07-08$eKoopman$l0$oKTS1 C2.53 06N10$p20139905$r2021-01-12 00:00:00$w2021-01-12$yBOO
=999  \\$d1375

