=LDR  01471aam a2200241   4500
=001  1376
=008  221215s1820\\\\||||||||\d|||\00|\0\dut\d
=041  \\$adut
=100  \\$aRöhner, Johan Carl$d1774-1837$4aut$95599
=245  \\$aMuzijkaal zak-woordenboek
=260  \\$aZwolle$bVan Stegeren$c1820
=300  \\$aviii-90 pages
=500  \\$aJohan Carl Röhner (1774-1837) succeeded Johan Gottlieb Nicolai as the city organist of Zwolle
=590  \\$aBevattende eene beknopte verklaring en beschrijving der voornaamste, thans bij de vocale en instrumentale toonkunst in gebruik zijnde kunsttermen en instrumenten. Aan alle Toonkunstenaren en Liefhebbers der Muzijk toegewijd. Door J.C. Röhner, Korrespondent der vierde Klasse van het Koninklijk Nederlandsche Instituut, Muzijk-Directeur en Organist te Zwolle.
=648  \0$a19th Century (1801-1900)$1http://www.wikidata.org/entity/Q6955$920935
=650  \0$aMusic theory$1http://www.wikidata.org/entity/Q193544$92662
=650  \0$aDictionary$1http://www.wikidata.org/entity/Q23622$921580
=650  \0$aMusic history$1http://www.wikidata.org/entity/Q846047$921373
=651  \0$aZwolle (Netherlands)$1http://www.wikidata.org/entity/Q793$985
=856  \\$uhttps://books.google.be/books?id=IFBQAAAAcAAJ$3Google Books
=942  \\$cBOO
=952  \\$00$10$2ddc$40$6KTS_1_000000000000000_C2_54_06N11$70$8RAR$91376$aORPH$bORPH$cKTS1_C2$d2020-07-08$eKoopman$l0$oKTS1 C2.54 06N11$p20139904$r2021-01-12 00:00:00$w2021-01-12$yBOO
=999  \\$d1376

