=LDR  01446acm a2200265   4500
=001  1377
=008  221215s1751\\\\|||||k||\||||\00|\0\lat\d
=041  \\$alat
=059  \\$av
=245  \\$aMissæ novæ, festis solemnioribus decantandæ
=260  \\$aAmsterdam$bCrajenschot$c1751
=300  \\$a[iv]-164 pages$btitle page in red & black ink, engraved title page and frontispiece, red edges, leather bound
=500  \\$aPart of a modern (19th century?) binding (Ex libris H.P. Gerritsen) consisting of three 18th century plainchant books 
=501  \\$aBound in with 'Romanum Juxta novum missale recognitum' and  ‘Appendix ad Graduale Romanum’
=590  \\$aPluribus auctae, et ad ciliorem methodum redactae
=648  \0$a18th Century (1701-1800)$1http://www.wikidata.org/entity/Q7015$920899
=650  \0$aPlainchant$1http://www.wikidata.org/entity/Q2707688$921363
=650  \0$aLiturgy$1http://www.wikidata.org/entity/Q172331$92284
=650  \0$aVocal music$1http://www.wikidata.org/entity/Q685884$93319
=650  \0$aChurch music$1http://www.wikidata.org/entity/Q8812109$92283
=650  \0$aCatholicism$1http://www.wikidata.org/entity/Q1841$921631
=773  \\$01378$tGraduale Romanum Juxta novum missale recognitum. $w1378
=942  \\$cSCO
=952  \\$00$10$2ddc$40$6KTS_1_000000000000000_C2_54_06O01C$70$8RAR$922318$aORPH$bORPH$cKTS1_C2$d2020-07-08$eKoopman$l0$oKTS1 C2.54 06O01c$p20139907c$r2021-01-12 00:00:00$w2021-01-12$ySCO
=999  \\$d1377

