=LDR  01692acm a2200313   4500
=001  1379
=008  221215s1754\\\\|||||k||\||||\00|\0\mul\d
=041  \\$adut$dlat
=059  \\$av
=245  \\$aAntiphonarium Romanum, officio vesperarum accommodatum.$bAntiphoonen en Vesperen Voor alle tyden des Jaars.
=250  \\$anew ed.
=260  \\$aAmsterdam$bCrajenschot$c1754
=300  \\$axvi-569-[7] pages$bleather bound, title page in red & black ink, engraved title page, illustrations
=500  \\$aengraved plates, loosely inlaid
=500  \\$a Dutch anonymous introduction on the art of singing plainchant , as well as Dutch Vespers-psalmtexts at the end of the book
=500  \\$acontains autograph signature of the editor P. Crajenschot 
=561  \\$aEx libris A.W. Schade (manuscript)
=590  \\$aNieuwe Druk, merkelyk vermeerderd, verbeterd, en met fraaie Plaaten vercierd.
=648  \0$a18th Century (1701-1800)$1http://www.wikidata.org/entity/Q7015$920899
=650  \0$aPlainchant$1http://www.wikidata.org/entity/Q2707688$921363
=650  \0$aCatholicism$1http://www.wikidata.org/entity/Q1841$921631
=650  \0$aLiturgy$1http://www.wikidata.org/entity/Q172331$92284
=650  \0$aVocal music$1http://www.wikidata.org/entity/Q685884$93319
=650  \0$aChurch music$1http://www.wikidata.org/entity/Q8812109$92283
=650  \0$aAntiphonary$1http://www.wikidata.org/entity/Q1385360$921617
=856  \\$uhttps://books.google.be/books?id=zfVoAAAAcAAJ$3Google Books
=942  \\$cSCO
=952  \\$00$10$2ddc$40$6KTS_1_000000000000000_C2_54_06O02$70$8RAR$91379$aORPH$bORPH$cKTS1_C2$d2020-07-08$eKoopman$l0$oKTS1 C2.54 06O02$p20139908$r2021-01-12 00:00:00$w2021-01-12$ySCO
=999  \\$d1379

