=LDR  02920aam a2200457   4500
=001  1380
=008  221215s1697\\\\|||m||||\||||\00|\0\fre\d
=041  \\$afre
=059  \\$av bc
=100  \\$aDonneau de Visé, Jean$d1638-1710$1http://www.wikidata.org/entity/Q3171779$96016$4edt
=245  \\$aLe Mercure galant, May 1697
=260  \\$aParis$bBrunet$c1697
=300  \\$a293-[3] pages$bengraved title page, inserted folded page music example
=500  \\$aContains 1 song "Aimable objet d'une flame innocente" (text Mr. Morel, music Mr Arnoul)
=500  \\$aengraving between p.162 & 163 is lissing
=500  \\$ahttps://en.wikipedia.org/wiki/Mercure_de_France
=500  \\$aThe Mercure Galant, founded in 1672 by Jean Donneau de Visé, was the first periodical to combine cultural articles with information. From the time of its foundation until the death of its founder, 488 volumes of about 500 pages were published, containing some 20,000 articles presenting various sections concerning public life with Official Relations or Entertainment and Festivities, private life with Births, Marriages and Obituaries, cultural life with the various Academies and Social Societies, personal works with Novels, Poetry or, in the Music chapter, Notated Airs with ca 575 musical plates. 
=563  \\$aLeather-bound, with gilt-embossed spine, marbled endpapers and gilt edges
=590  \\$aDedié a Monseigneur Le Dauphin
=648  \0$a17th Century (1601-1700)$1http://www.wikidata.org/entity/Q7016$920923
=650  \0$aSong$1http://www.wikidata.org/entity/Q7366$94164
=650  \0$aJournalism$1http://www.wikidata.org/entity/Q11030$921960
=650  \0$aMusic criticism$1http://www.wikidata.org/entity/Q11748889$921598
=650  \0$aLiterature$1http://www.wikidata.org/entity/Q8242$94439
=650  \0$aMilitary history$1http://www.wikidata.org/entity/Q192781$93874
=650  \0$aGardening$1https://www.wikidata.org/wiki/Q124946$925464
=650  \0$aCuckoo$1http://www.wikidata.org/entity/Q18845$922474
=650  \0$aBiography$1http://www.wikidata.org/entity/Q36279$91927
=651  \0$aFrance$1http://www.wikidata.org/entity/Q142$9131
=653  \0$aair$3266 + muziekfragment$020139906$w06O03$928543
=653  \0$abibliotheek$3144, 145, 147, 150$020139906$w06O03$929548
=653  \0$aboekprijs$3achterkant van tp$020139906$w06O03$929701
=653  \0$aChristine van Zweden$3161-162$020139906$w06O03$930461
=653  \0$aDacier$3150-153$020139906$w06O03$930901
=653  \0$aDescartes$3100$020139906$w06O03$931024
=653  \\$aboekverbranding$3246$929703$020139906$w06O03
=653  \\$aHerbelot$3139-150$932714$020139906$w06O03
=856  4\$uhttps://books.google.fr/books?id=tWVBAAAAcAAJ
=942  \\$cPER
=952  \\$00$10$2ddc$40$6KTS_1_000000000000000_C2_54_06O03$70$8RAR$91380$aORPH$bORPH$cKTS1_C2$d2020-07-08$eKoopman$l0$oKTS1 C2.54 06O03$p20139906$r2021-01-12 00:00:00$w2021-01-12$yPER
=999  \\$d1380

