=LDR  05665    a2200961   4500
=001  1381
=008  221215s1678\\\\|||m||||\||||\00|\0\fre\d
=041  \\$afre
=100  \\$aDonneau de Visé, Jean$d1638-1710$4edt$1http://www.wikidata.org/entity/Q3171779$96016
=245  \\$aLe Nouveau Mercure galant$pOctober-December 1678
=260  \\$aParis$c1678
=300  \\$a3 vols in 1 ([iv]-209-[6]-[iv]-193-[3]-[xii]-167-[3] pages)$bcontains engraved illustrations and several fold-out songs with printed music
=500  \\$amultiple songs with printed music in fold-outs, some with one, some with two voices or with voice and basso continuo.
=505  \\$gOctobre 1678 contains for instance a fold-out schematic map of the bridge of Strassbourg, an article with many engravings on medals and at the end two full page engravings with a man and a woman in 'Habit d'Hyver 1678'.
Novembre 1678 contains another description of a medal and a 'Plan de la ville et du chateau de Liechtemberg', a 'Table Genealogique de la Maison des Ducs Sforze'.
Decembre 1678 contains a wonderful depiction and description of the 'Laboratoire des Capucins du Louvre' the royal apothecary. And many other topics.  
=590  \\$aContenant tout ce qui s'est passée de curieux au Mois de Octobre/Novembre/Decembre de l'Année 1678
=648  \0$a17th Century (1601-1700)$1http://www.wikidata.org/entity/Q7016$920923
=650  \0$aMusic criticism$1http://www.wikidata.org/entity/Q11748889$921598
=650  \0$aJournalism$1http://www.wikidata.org/entity/Q11030$921960
=650  \0$aFashion$1http://www.wikidata.org/entity/Q12684$922591
=650  \0$aSong$1http://www.wikidata.org/entity/Q7366$94164
=650  \0$aWar$1http://www.wikidata.org/entity/Q198$92928
=650  \0$aHistory$1http://www.wikidata.org/entity/Q309$921403
=651  \0$aParis (France)$1http://www.wikidata.org/entity/Q90$9160
=653  \0$abezetting (voc.)$363, 64, 65$020139910$w06O04c$929527
=653  \0$abibliotheek$321$020139910$w06O04b$929548
=653  \0$ablokfluit$350, 52, 57$020139910$w06O04a$929645
=653  \0$abespeler van meer instrumenten$380$020139910$w06O04c$929498
=653  \0$amuziek_algemeen$316, 16 afb., 50, 51, 52, 53, 54, 57, 113, 119, 120, 171, 179, 183, 188, 215$020139910$w06O04a$935036
=653  \0$amuziek_algemeen$318, 23, 117, 173$020139910$w06O04b$935036
=653  \0$amuziek_algemeen$325, 37, 42-44, 46, 52, 53, 55, 56, 62, 63, 64, 65, 89, 90, 92, 126, 134, 161, 162$020139910$w06O04c$935036
=653  \0$aconcerten$363-65, 134$020139910$w06O04c$930655
=653  \0$aop de wijze van $323$020139910$w06O04a$935398
=653  \0$adansen$350, 51, 53$020139910$w06O04a$930928
=653  \0$adansen$380, 94$020139910$w06O04c$930928
=653  \0$adoedelzak$311, 16$020139910$w06O04a$931125
=653  \0$adoedelzak$344$020139910$w06O04c$931125
=653  \0$aemoties$364$020139910$w06O04c$931445
=653  \0$astemomvang$364$020139910$w06O04c$936561
=653  \0$atrompet$3110$020139910$w06O04a$937194
=653  \0$atrompet$346, 90, 92$020139910$w06O04c$937194
=653  \0$ahobo$337, 42$020139910$w06O04c$932805
=653  \0$aItaliaanse invloed in Frankrijk$357$020139910$w06O04a$933147
=653  \0$aItaliaanse invloed in Frankrijk$361, 62$020139910$w06O04c$933147
=653  \0$aJacquet de la Guerre, E.$364?$020139910$w06O04c$933173
=653  \0$akieltjes$355, 56$020139910$w06O04c$933396
=653  \0$azuiverheid$363, 80$020139910$w06O04c$938176
=653  \0$aklavecimbel_Frankrijk 17e eeuw$355, 56$020139910$w06O04c$933486
=653  \0$arepeteren$363$020139910$w06O04c$938377
=653  \0$akoor/orkestbezetting$350, 54$020139910$w06O04a$933678
=653  \0$akoor/orkestbezetting$337, 42, 46$020139910$w06O04c$933678
=653  \0$asalaris$3179$020139910$w06O04a$938697
=653  \0$aluit$353$020139910$w06O04c$934262
=653  \0$aLully$323$020139910$w06O04a$934271
=653  \0$aLully$362, 63$020139910$w06O04c$934271
=653  \0$aslagwerk$337, 42, 43, 44, 90$020139910$w06O04c$939152
=653  \0$amenuet$394, 95$020139910$w06O04b$934673
=653  \0$amode$3194-209$020139910$w06O04a$934789
=653  \0$amode$3164-166$020139910$w06O04c$934789
=653  \\$aBacilly$352$929002$020139910$w06O04c
=653  \\$aBrossard$3181$929959$020139910$w06O04a
=653  \\$aCharpentier$391, 93, 176$97656$020139910$w06O04b
=653  \\$aCharpentier$363?, 64?$97656$020139910$w06O04c
=653  \\$aDaniel$352, 52 afb., 53$930924$020139910$w06O04c
=653  \\$ades Fontaines$3161, 162$931022$020139910$w06O04c
=653  \\$aDuparc$365, 65 afb$931309$020139910$w06O04a
=653  \\$aDuparc$394$931309$020139910$w06O04b
=653  \\$aFleury$353, 54$931766$020139910$w06O04c
=653  \\$aGoüet$316, 16 afb., 17$932297$020139910$w06O04a
=653  \\$aGoüet$323$932297$020139910$w06O04b
=653  \\$aLesgu$3171$934070$020139910$w06O04a
=653  \\$aMolière$363-65$95673$020139910$w06O04c
=653  \\$aNanteuil$357-59$935144$020139910$w06O04c
=653  \\$aorigineel$317$935607$020139910$w06O04a
=653  \\$aRigault de Tours$325$938450$020139910$w06O04c
=653  \\$aRobert$3179$938487$020139910$w06O04a
=653  \\$aTe Deum$358, 62$923511$020139910$w06O04a
=653  \\$aTe Deum$346$923511$020139910$w06O04c
=653  \\$avuurwerk$356, 58$937821$020139910$w06O04a
=653  \\$avuurwerk$346$937821$020139910$w06O04c
=856  4\$uhttps://books.google.fr/books?id=3sRBAAAAcAAJ
=942  \\$cPER
=952  \\$00$10$2ddc$40$6KTS_1_000000000000000_C2_54_06O04$70$8RAR$91381$aORPH$bORPH$cKTS1_C2$d2020-07-08$eKoopman$l0$oKTS1 C2.54 06O04$p20139910$r2021-01-12 00:00:00$w2021-01-12$yPER
=999  \\$d1381

