=LDR  02047    a2200409   4500
=001  1382
=008  221215s1706\\\\|||m||||\||||\00|\0\fre\d
=041  \\$afre
=100  \\$aDonneau de Visé, Jean$d1638-1710$1http://www.wikidata.org/entity/Q3171779$96016
=245  \\$aLe Mercure galant$pJanvier, 1706
=260  \\$aParis$bBrunet$c1706
=300  \\$a436-[3] pages$bBound in decorated leather, marbled endpaper, gilt edges.
=561  \\$aManuscript on endpaper: 'Ce livre appartien au Citoyen Anséaume 1796'
=563  \\$aDark red leather binding with gilt decorations with fleurs de lis.
=590  \\$aDedié a monseigneur Le Dauphin
=648  \0$a18th Century (1701-1800)$1http://www.wikidata.org/entity/Q7015$920899
=650  \0$aMusic criticism$1http://www.wikidata.org/entity/Q11748889$921598
=650  \0$aJournalism$1http://www.wikidata.org/entity/Q11030$921960
=650  \0$aPolitics$1http://www.wikidata.org/entity/Q7163$921826
=651  \0$aParis (France)$1http://www.wikidata.org/entity/Q90$9160
=653  \0$amuziek_algemeen$3198, 279$020139909$w06O05$935036
=653  \0$aNewton$3135$020139909$w06O05$935219
=653  \0$aopera$3253, 254$020139909$w06O05$935411
=653  \0$adansen$3432, 433$020139909$w06O05$930928
=653  \0$aoude muziek vroeger$3253$020139909$w06O05$935658
=653  \0$atrompet$3197$020139909$w06O05$937194
=653  \0$avuurwerk$3196$020139909$w06O05$937821
=653  \0$akoor/orkestbezetting$3198, 199$020139909$w06O05$933678
=653  \0$aLeibnitz$3134$020139909$w06O05$933995
=653  \0$aLocke$3125, 127$020139909$w06O05$934170
=653  \0$aLully$3253$020139909$w06O05$934271
=653  \0$aLully_na dood$3253$020139909$w06O05$934274
=653  \\$aBoyvin$3227$929869$020139909$w06O05
=856  \\$uhttps://gallica.bnf.fr/view3if/ga/ark:/12148/bpt6k6517210x/f5$3IIIF
=942  \\$cPER
=952  \\$00$10$2ddc$40$6KTS_1_000000000000000_C2_54_06O05$70$8RAR$91382$aORPH$bORPH$cKTS1_C2$d2020-07-08$eKoopman$l0$oKTS1 C2.54 06O05$p20139909$r2021-01-12 00:00:00$w2021-01-12$yPER
=999  \\$d1382

