=LDR  02848aam a2200457   4500
=001  1383
=008  221215s1708\\\\|||m||||\||||\00|\0\\\\\d
=041  \\$afre
=059  \\$av
=100  \\$aDonneau de Visé, Jean$d1638-1710$1http://www.wikidata.org/entity/Q3171779$96016
=245  \\$aLe Mercure galant, June 1708
=260  \\$aParis$bBrunet$c1708
=300  \\$a436-[4] pages$bengraved title page, inserted folded pages, music examples
=500  \\$aThe Mercure Galant, founded in 1672 by Jean Donneau de Visé, was the first periodical to combine cultural articles with information. From the time of its foundation until the death of its founder, 488 volumes of about 500 pages were published, containing some 20,000 articles presenting various sections concerning public life with Official Relations or Entertainment and Festivities, private life with Births, Marriages and Obituaries, cultural life with the various Academies and Social Societies, personal works with Novels, Poetry or, in the Music chapter, Notated Airs with ca 575 musical plates.



=500  \\$aContains 2 songs "Qu'on ne m'apporte point" and "Iris m'avoit promis" (music Nicolas Montailly, ?-1731) 
=500  \\$ahttps://en.wikipedia.org/wiki/Mercure_de_France
=563  \\$aLeather-bound, embossed gilded spine
=590  \\$aDedié au Monseigneur La Dauphin
=648  \0$a18th Century (1701-1800)$1http://www.wikidata.org/entity/Q7015$920899
=650  \0$aMusic criticism$1http://www.wikidata.org/entity/Q11748889$921598
=650  \0$aSong$1http://www.wikidata.org/entity/Q7366$94164
=650  \0$aLiterature$1http://www.wikidata.org/entity/Q8242$94439
=650  \0$aJournalism$1http://www.wikidata.org/entity/Q11030$921960
=650  \0$aCuckoo$1http://www.wikidata.org/entity/Q18845$922474
=650  \0$aMilitary history$1http://www.wikidata.org/entity/Q192781$93874
=650  \0$aBiography$1http://www.wikidata.org/entity/Q36279$91927
=651  \0$aFrance$1http://www.wikidata.org/entity/Q142$9131
=653  \0$aairs$3136, 362$020139911$w06O06$928546
=653  \0$aboekprijs$3naast 'au lecteur', 351$020139911$w06O06$929701
=653  \0$aBayle$339$020139911$w06O06$929234
=653  \0$acastraten$339, 40-47$020139911$w06O06$930282
=653  \0$amuziek_algemeen$3144, 146, 393$020139911$w06O06$935036
=653  \0$acompositieloon$3144$020139911$w06O06$930641
=653  \0$aErasmus$3102$020139911$w06O06$931501
=653  \0$aRonsard$3144$020139911$w06O06$938542
=653  \\$aLe Baïf$3144$933950$020139911$w06O06
=653  \\$aTe Deum$3373$923511$020139911$w06O06
=856  4\$uhttps://books.google.fr/books?id=N0dDGALne4UC
=942  \\$cPER
=952  \\$00$10$2ddc$40$6KTS_1_000000000000000_C2_54_06O06$70$8RAR$91383$aORPH$bORPH$cKTS1_C2$d2020-07-08$eKoopman$l0$oKTS1 C2.54 06O06$p20139911$r2021-01-12 00:00:00$w2021-01-12$yPER
=999  \\$d1383

