=LDR  03391aam a2200529   4500
=001  1384
=008  221215s1678\\\\|||m||||\||||\00|\0\fre\d
=041  \\$afre
=059  \\$av bc
=100  \\$4edt$aDonneau de Visé, Jean$d1638-1710$1http://www.wikidata.org/entity/Q3171779$96016
=245  \\$aLe Mercure galant, Avril 1678
=260  \\$aParis$bs.n.$c1678
=300  \\$a[viii]-414-[8] pages$bengraved title page, music examples, illustrations, folded pages
=500  \\$aSeveral fold-outs with plates, 2 songs ('Rossignols' by François Martin I & 'L'on vous dit' by  Jacques Lambert du Buisson (1655-1710)) and a map
=500  \\$a= volume two of X3C22
=500  \\$aThe Mercure Galant, founded in 1672 by Jean Donneau de Visé, was the first periodical to combine cultural articles with information. From the time of its foundation until the death of its founder, 488 volumes of about 500 pages were published, containing some 20,000 articles presenting various sections concerning public life with Official Relations or Entertainment and Festivities, private life with Births, Marriages and Obituaries, cultural life with the various Academies and Social Societies, personal works with Novels, Poetry or, in the Music chapter, Notated Airs with ca 575 musical plates. 
=500  \\$ahttps://philidor.cmbv.fr/Publications/Catalogues-de-genre/Catalogue-des-airs-publies-dans-le-Mercure-galant-1678-1700/Liste-des-aeuvres
=563  \\$aBound in white vellum
=648  \0$a17th Century (1601-1700)$1http://www.wikidata.org/entity/Q7016$920923
=650  \0$aSong$1http://www.wikidata.org/entity/Q7366$94164
=650  \0$aBiography$1http://www.wikidata.org/entity/Q36279$91927
=650  \0$aMusic criticism$1http://www.wikidata.org/entity/Q11748889$921598
=650  \0$aCuckoo$1http://www.wikidata.org/entity/Q18845$922474
=650  \0$aMilitary history$1http://www.wikidata.org/entity/Q192781$93874
=650  \0$aNobility$1http://www.wikidata.org/entity/Q134737$93602
=650  \0$aLiterature$1http://www.wikidata.org/entity/Q8242$94439
=650  \0$aJournalism$1http://www.wikidata.org/entity/Q11030$921960
=651  \0$aFrance$1http://www.wikidata.org/entity/Q142$9131
=653  \0$aboekprijs$3416$020139912$w06O07$929701
=653  \0$acello$3338 afb?$020139912$w06O07$930344
=653  \0$aColbert$382, 84, 86$020139912$w06O07$930580
=653  \0$aop de wijze van $3282?$020139912$w06O07$935398
=653  \0$avuurwerk$3219$020139912$w06O07$937821
=653  \\$acompositieduur$3381$930634$020139912$w06O07
=653  \\$adrieling$3143$931214$020139912$w06O07
=653  \\$aDu Buisson$3183, 184$931229$020139912$w06O07
=653  \\$aIeperen$3229, 232 afb., 233, 251-253, 255, 263$933043$020139912$w06O07
=653  \\$aLe Brun$385, 91$933953$020139912$w06O07
=653  \\$aLully, J.B._Psyché$3380-382$934279$020139912$w06O07
=653  \\$aMartin jr. $37e afb.$934493$020139912$w06O07
=653  \\$aRijssel$3230, 231$938456$020139912$w06O07
=653  \\$aTe Deum$3255$923511$020139912$w06O07
=653  \\$aVauban$3201, 209, 228$937357$020139912$w06O07
=856  4\$uhttp://obvil.sorbonne-universite.site/corpus/mercure-galant/MG-1678-04
=942  \\$cPER
=952  \\$00$10$2ddc$40$6KTS_1_000000000000000_C2_54_06O07$70$8RAR$91384$aORPH$bORPH$cKTS1_C2$d2020-07-08$eKoopman$l0$oKTS1 C2.54 06O07$p20139912$r2021-01-12 00:00:00$w2021-01-12$yPER
=999  \\$d1384

