=LDR  01195aam a2200205   4500
=001  1385
=008  221215s1711\\\\||||||||\||||\00|\0\ger\d
=041  \\$ager
=245  \\$aDie Neu-eröffnete Bibliothec
=260  \\$aHamburg$bSchiller$c1711
=300  \\$a[x]-298 pages$b20th century cover, red edges
=561  \\$aEx libris Egens Emmering Amsterdam (bookplate)
=590  \\$aWorinnen der studirenden Jugend und andern courieusen Liebhabern guter Unterricht von Bibliothequen, nebenst bequemer Anleitung dieselben anzulegen / wohl zu unterhalten / und nützlich zu gebrauchen / an die Hand gegeben wird. Welchem angefügt Die Vornehmsten Bibliothequen in Europa, und Was Reisende vornehmlich ney deren Besichtigung zu beobachten haben. 
=648  \0$a18th Century (1701-1800)$1http://www.wikidata.org/entity/Q7015$920899
=650  \0$aBibliography$1http://www.wikidata.org/entity/Q134995$93965
=650  \0$aLibrary$1http://www.wikidata.org/entity/Q7075$94229
=650  \0$aEducation$926206
=942  \\$cBOO
=952  \\$00$10$2ddc$40$6KTS_1_000000000000000_C2_54_06O08$70$8RAR$91385$aORPH$bORPH$cKTS1_C2$d2020-07-08$eKoopman$l0$oKTS1 C2.54 06O08$p20139913$r2021-01-12 00:00:00$w2021-01-12$yBOO
=999  \\$d1385

