=LDR  01297aam a2200253   4500
=001  1387
=008  221216s1740\\\\||||||||\||||\00|\0\fre\d
=041  \\$afre
=245  \\$aLes Amusemens de la Hollande avec des remarques nouvelles et particulieres sur le génie, mœurs et caractères de la nation$nvols. 1-2
=260  \\$aThe Hague$bvan Cleef$c1740
=300  \\$a[ii]-252+257 pages$btitle page in red and black ink
=500  \\$ain the preface, the author explains that he wishes to stay anonymous
=500  \\$a2 volumes in 1
=561  \\$aEx libris Jan Borms (stamp)
=590  \\$aEntremêlés d'épisodes curieux et intéressans
=648  \0$a18th Century (1701-1800)$1http://www.wikidata.org/entity/Q7015$920899
=650  \0$aHistory$1http://www.wikidata.org/entity/Q309$921403
=650  \0$aTravel$1http://www.wikidata.org/entity/Q61509$94440
=650  \0$aSatire$1http://www.wikidata.org/entity/Q128758$921636
=651  \0$aNetherlands$1http://www.wikidata.org/entity/Q55$9173
=856  \\$uhttps://archive.org/details/lesamusemensdela00laha/page/n4/mode/2up$3Internet Archive
=942  \\$cBOO
=952  \\$00$10$2ddc$40$6KTS_1_000000000000000_C1_62_06O10$70$8RAR$91387$aORPH$bORPH$cKTS1_C1$d2020-07-08$eKoopman$l0$oKTS1 C1.62 06O10$p20139917$r2021-01-12 00:00:00$w2021-01-12$yBOO
=999  \\$d1387

