=LDR  02151aam a2200301   4500
=001  1388
=008  211221s1777\\\\\\\|||||\||||\00|\0\mul\d
=041  \\$ager$alat
=100  \\$aHoratius$d65 BC-8 BC$4aut$1http://www.wikidata.org/entity/Q6197$94875
=245  \\$aHoraz Lateinisch und Deutsch $bmit Anmerkungen für junge Leute $nZweyter Teil,$penthaltend das zweyte und dritte Buch der Oden
=250  \\$a1st ed.
=260  \\$aGotha$bEttinger$c1777
=300  \\$a424 pages$btitle page engraved
=500  \\$aThe Odes (Latin: Carmina) are a collection in four books of Latin lyric poems by Horace. The Horatian ode format and style has been emulated since by other poets. Books 1 to 3 were published in 23 BC. A fourth book, consisting of 15 poems, was published in 13 BC.

=500  \\$aSchmidt was a Protestant theologian and German poet
=500  \\$aOriginaly in three volumes, edited 1776-95; vol.2&3 in improved ed. 1793; 3rd vol. in new improved ed.1795
=500  \\$aSchmidt only transferred the odes and did so in the verse metre of the original manuscript, a task which was no easy task at the time. In spite of these shortcomings, the translation was probably the best of its time, because it came from a real poet; it also contributed in no small measure to winning Horace friends, as the repeated editions prove.
=504  \\$ahttps://en.wikipedia.org/wiki/Odes_(Horace)
=561  \\$aex libris gymnasio Mauritiano Magdeburgensi a venerabili Carolo Funk (plate)
=648  \0$aClassical Antiquity (8th Century BC-6th Century AD)$1http://www.wikidata.org/entity/Q486761$921435
=648  \0$a18th Century (1701-1800)$1http://www.wikidata.org/entity/Q7015$920899
=650  \0$aPoetry$1http://www.wikidata.org/entity/Q482$93026
=650  \0$aOde$1http://www.wikidata.org/entity/Q178985$922208
=651  \0$aRome (Italy)$1http://www.wikidata.org/entity/Q220$949
=700  \\$4aut$4trl$aSchmidt, Jakob Friedrich$d1730-1826$96018
=942  \\$cBOO
=952  \\$00$10$2ddc$40$6KTS_1_000000000000000_C1_62_06P01$70$8RAR$91388$aORPH$bORPH$cKTS1_C1$d2020-07-08$eKoopman$oKTS1 C1.62 06P01$p20138076$r2021-01-12 00:00:00$w2021-01-12$yBOO
=999  \\$d1388

