=LDR  01138aam a2200229   4500
=001  1389
=008  211221s1832\\\\\\\|||||\||||\00|\0dfre\d
=041  \\$afre
=100  \\$aCastil-Blaze$d1784-1857$4aut$1http://www.wikidata.org/entity/Q294142$95547
=245  \\$aChapelle-musique des Rois de France
=250  \\$a1st ed.
=260  \\$aParis$bPaulin$c1832
=300  \\$a302-5 pages
=648  \0$a19th Century (1801-1900)$1http://www.wikidata.org/entity/Q6955$920935
=650  \0$aMusic history$1http://www.wikidata.org/entity/Q846047$921373
=650  \0$aInstitution$1http://www.wikidata.org/entity/Q178706$94241
=651  \0$aFrance$1http://www.wikidata.org/entity/Q142$9131
=856  \\$uhttps://gallica.bnf.fr/view3if/ga/ark:/12148/bpt6k6439447k$3IIIF
=942  \\$cBOO
=952  \\$00$10$2ddc$40$6KTS_1_000000000000000_C1_62_06P02$70$8RAR$91389$aORPH$bORPH$cKTS1_C1$d2020-07-08$eKoopman$i06P02$oKTS1 C1.62 06P02$p20138077$r2021-01-12 00:00:00$w2021-01-12$yBOO
=952  \\$00$10$2ddc$40$6KTS_1_000000000000000_H_08_023$70$8RAR$921142$aORPH$bORPH$cKTS1_H$d2020-07-08$l0$oKTS1 H.08.023$p20137597$r2022-01-06 00:00:00$w2021-01-12$yBOO
=999  \\$d1389

