=LDR  01161aam a2200241   4500
=001  1390
=008  211223s1856\\\\||||||||\||||\00|\0\eng\d
=041  \\$aeng
=100  \\$aCromar, Alexander$4aut$96019
=245  \\$aA Vindication of the Organ:$bA Review of Rev. Dr. Candlish's Publication Entitled 'The Organ Question'
=260  \\$aEdinburgh$bBlack$c1856
=300  \\$av-124-16 pages
=336  \\$aprinted
=561  \\$aEx libris Robert Buchanan Steward (plate)
=648  \0$a19th Century (1801-1900)$1http://www.wikidata.org/entity/Q6955$920935
=650  \0$aChurch music$1http://www.wikidata.org/entity/Q8812109$92283
=650  \0$aProtestantism$1http://www.wikidata.org/entity/Q23540$921012
=650  \0$aMoral education$1http://www.wikidata.org/entity/Q25457248$93171
=651  \0$aUnited Kingdom$1http://www.wikidata.org/entity/Q21$9273
=856  \\$uhttps://archive.org/details/avindicationorg00candgoog/page/n5/mode/2up$3Internet Archive
=942  \\$cBOO
=952  \\$00$10$2ddc$40$6KTS_1_000000000000000_C1_62_06P03$70$8RAR$91390$aORPH$bORPH$cKTS1_C1$d2020-07-08$eKoopman$i06P03$oKTS1 C1.62 06P03$p20138063$r2021-01-12 00:00:00$w2021-01-12$yBOO
=999  \\$d1390

