=LDR  00580    a2200157   4500
=001  1393
=008  210318b\\\\\\\\\\\|||||\||||\00|\0\dut\d
=041  \\$adut
=100  \\$aKnottenbelt, Adca$4edt$96022
=245  \\$aPoesie-album van Adca Knottenbelt
=260  \\$aNetherlands$c1940-46
=300  \\$a79 pages
=942  \\$cMS
=952  \\$00$10$2ddc$40$6KTS_1_000000000000000_C1_62_06P06$70$8RAR$91393$aORPH$bORPH$cKTS1_C1$d2020-07-08$eKoopman$i06P06$l0$oKTS1 C1.62 06P06$p20136109$r2021-01-12 00:00:00$w2021-01-12$yMS
=999  \\$c1393$d1393
=650  \0$aPoetry$1http://www.wikidata.org/entity/Q482$93026

