=LDR  00991aam a2200217   4500
=001  1399
=008  211223s1719\\\\||||||||\||||\00|\0\fre\d
=041  \\$afre
=100  \\$aJ. B. D. L. G.$4aut$96027
=245  \\$aTraitté de l'esplanchnologie, ou La science qui traitte des viscères
=260  \\$aAmsterdam$bDesbordes$c1719
=300  \\$a132-[6] pages
=336  \\$aprinted
=500  \\$aMedical study, annotated by a chirurgy student in 1721; ms. notes in the front + table of contents in the back
=561  \\$aEx libris Antonio Maria 1721 (ms.)
=648  \0$a18th Century (1701-1800)$1http://www.wikidata.org/entity/Q7015$920899
=650  \0$aScience$1http://www.wikidata.org/entity/Q7991$921650
=651  \0$aAmsterdam (Netherlands)$1http://www.wikidata.org/entity/Q727$9135
=942  \\$cBOO
=952  \\$00$10$2ddc$40$6KTS_1_000000000000000_C1_32_06P12$70$8RAR$91399$aORPH$bORPH$cKTS1_C1$d2020-07-08$eKoopman$i06P12$oKTS1 C1.32 06P12$p20138067$r2021-01-12 00:00:00$w2021-01-12$yBOO
=999  \\$d1399

