=LDR  01233aca a2200265   4500
=001  1405
=008  210909s1788\\\\\\\||a||\||||\00|\0\eng\d
=041  \\$aeng
=059  \\$aA B 2S2A2T2B 2ob bsn 2tpt 3vn vla vc bc
=100  \\$aHandel, George Frideric$d1685-1759$4cmp$1http://www.wikidata.org/entity/Q7302$94765
=245  \\$aA Grand Jubilate for the Peace of Utrech. Composed in the Year 1713 [HWV 279]
=260  \\$aLondon$bArnold$c1788
=300  \\$a44 pages
=336  \\$anotated music
=336  \\$aprinted
=490  \\$aThe Works of G. F. Händel, Ed. in Score$vplate nos. 16-17
=501  \\$aA Grand Te Deum [HWV 278] 
=648  \0$a18th Century (1701-1800)$1http://www.wikidata.org/entity/Q7015$920899
=650  \0$aVocal music$1http://www.wikidata.org/entity/Q685884$93319
=650  \0$aReligion$1http://www.wikidata.org/entity/Q9174$93062
=651  \0$aUnited Kingdom$1http://www.wikidata.org/entity/Q21$9273
=773  \\$01406 $tA Grand Te Deum for the Peace of Utrech. Composed in the Year 1713 [HWV 278] $w1406 
=942  \\$cSCO
=952  \\$00$10$2ddc$40$6KTS_1_000000000000000_C1_32_07A06$70$8RAR$91405$aORPH$bORPH$cKTS1_C1$d2020-07-08$eKoopman$i07A06$oKTS1 C1.32 07A06$r2021-01-12 00:00:00$w2021-01-12$ySCO
=999  \\$d1405

