=LDR  01828aca a2200289   4500
=001  1406
=008  210909s1788\\\\\\\||a||\||||\00|\0\eng\d
=041  \\$alat
=059  \\$aS 2A T B 2ob bsn 2tpt 2vn vla vc bc
=100  \\$aHandel, George Frideric$d1685-1759$4cmp$1http://www.wikidata.org/entity/Q7302$94765
=245  \\$aA Grand Te Deum for the Peace of Utrech. Composed in the Year 1713 [HWV 278]
=260  \\$aLondon$bArnold$c1788
=300  \\$a48 pages
=336  \\$anotated music
=336  \\$aprinted
=490  \\$aThe Works of G. F. Händel, Ed. in Score$vplate nos. 15-16
=500  \\$aTo celebrate the Treaty of Utrecht, which established the Peace of Utrecht in 1713, ending the War of the Spanish Succession, Händel composed a Te Deum, HWV 278, and a Jubilate Deo (Psalm 100), HWV 279. The combination of the two texts in English follows earlier models. The official premiere of the work was on 13 July 1713 in a service in St Paul's Cathedral in London. 
=501  \\$aA Grand Jubilate [HWV 279]
=585  \\$aThis exemplar was exhibited in 2013 at 'In vredesnaam: De Vrede van Utrecht, Rastatt en Baden, 1713-1714' (Centraal Museum, Utrecht; Wehrgeschichtliches Museum, Rastatt; Historisches Museum, Baden), see de Bruin & Brinkman 2013
=648  \0$a18th Century (1701-1800)$1http://www.wikidata.org/entity/Q7015$920899
=650  \0$aVocal music$1http://www.wikidata.org/entity/Q685884$93319
=650  \0$aTe Deum$1http://www.wikidata.org/entity/Q743376$923511
=650  \0$aReligion$1http://www.wikidata.org/entity/Q9174$93062
=651  \0$aUnited Kingdom$1http://www.wikidata.org/entity/Q21$9273
=942  \\$cSCO
=952  \\$00$10$2ddc$40$6KTS_1_000000000000000_C1_32_07A06$70$8RAR$91406$aORPH$bORPH$cKTS1_C1$d2020-07-08$eKoopman$oKTS1 C1.32 07A06$p20137313$r2021-01-12 00:00:00$w2021-01-12$ySCO
=999  \\$d1406

