=LDR  02203acm a2200277   4500
=001  1408
=008  210909b\\\\\\\\\\\||p||\||||\00|\0\\\\\d
=041  \\$aeng
=059  \\$ahpd/org
=100  \\$aHandel, George Frideric$d1685-1759$4cmp$1http://www.wikidata.org/entity/Q7302$94765
=245  \\$aOvertures from all his Operas and Oratorios Set for the Harpsichord or Organ
=260  \\$aLondon$bWright$c1801-3
=300  \\$a2 volumes (277 pages)
=500  \\$aBoth volumes are missing a number of pages
=505  \\$gVol. 1: Acis & Galatea, Amadigi (1 & 2), Admeto (1 & 2), Alcina, Alessandro, Ariodante, Arminio, Atalanta, Esther, Ezio, Flavio, Floridante, Giulio Cesare, Giustino, Lotario, Muzio Scevola, Orlando, Ottone, Partenope, Il pastor fido, Poro, Radamisto, Riccardo primo, Rodelinda, Scipione, Sosarme, Water Musick, Teseo, Rinaldo -- Vol. 2: 'Dead March' in Saul and the overtures to Coronation Anthem, Alexander Balus, Alexander Severus, Alexander's Feast, Athalia, Belshazzar, Berenice, Deborah, Faramondo, Hercules, Jephta, Joseph, Joshua, Judas Macchabaeus, Messiah, Samson, Saul, Semele, Solomon, Susanna, Occasional Oratorio Overture in Theodora, Overture in Time and Truth, Overture in Xerxes, Second overture in Pastor Fido, Second overture in Saul
=648  \0$a18th Century (1701-1800)$1http://www.wikidata.org/entity/Q7015$920899
=648  \0$a19th Century (1801-1900)$1http://www.wikidata.org/entity/Q6955$920935
=650  \0$aInstrumental music$1http://www.wikidata.org/entity/Q639197$92106
=650  \0$aOpera$1http://www.wikidata.org/entity/Q1344$92468
=650  \0$aOratorio$1http://www.wikidata.org/entity/Q85477$91825
=650  \0$aOverture$1http://www.wikidata.org/entity/Q202287$921591
=651  \0$aUnited Kingdom$1http://www.wikidata.org/entity/Q21$9273
=942  \\$cSCO
=952  \\$00$10$2ddc$3vol. 1$40$6KTS_1_000000000000000_C1_32_07A08$70$8RAR$91408$aORPH$bORPH$cKTS1_C1$d2020-07-08$eKoopman$oKTS1 C1.32 07A08$p20137315$r2021-01-12 00:00:00$w2021-01-12$ySCO
=952  \\$00$10$2ddc$3vol. 2$40$6KTS_1_000000000000000_C1_32_07A09$70$8RAR$920582$aORPH$bORPH$cKTS1_C1$d2020-07-08$eKoopman$l0$oKTS1 C1.32 07A09$p20137316$r2021-09-09 00:00:00$w2021-01-12$ySCO
=999  \\$d1408

