=LDR  01135aca a2200253   4500
=001  1411
=008  210909s1788\\\\|||||l||\||||\00|\0\eng\d
=041  \\$aeng
=059  \\$aS A T B SATTB ob 2vn vla bc
=100  \\$aHandel, George Frideric$d1685-1759$4cmp$1http://www.wikidata.org/entity/Q7302$94765
=245  \\$aTe Deum in Score Composed for His Grace the Duke of Chandos (in the Year 1720 [sic]) [HWV 281]
=260  \\$aLondon$bArnold$c1788
=300  \\$a31 pages
=336  \\$anotated music
=336  \\$aprinted
=490  \\$aThe Works of G. F. Händel, Ed. in Score$vplate no. 20
=500  \\$aactually composed in 1726
=648  \0$a18th Century (1701-1800)$1http://www.wikidata.org/entity/Q7015$920899
=650  \0$aVocal music$1http://www.wikidata.org/entity/Q685884$93319
=650  \0$aReligion$1http://www.wikidata.org/entity/Q9174$93062
=651  \0$aUnited Kingdom$1http://www.wikidata.org/entity/Q21$9273
=942  \\$cSCO
=952  \\$00$10$2ddc$40$6KTS_1_000000000000000_C1_32_07A11$70$8RAR$91411$aORPH$bORPH$cKTS1_C1$d2020-07-08$eKoopman$i07A11$oKTS1 C1.32 07A11$p20137302$r2021-01-12 00:00:00$w2021-01-12$ySCO
=999  \\$d1411

