=LDR  01185aca a2200253   4500
=001  1415
=008  210909s1777\\\\\\\||k||\||||\00|\0\ger\d
=041  \\$ager
=059  \\$aSATB
=100  \\$aHaßler, Hans Leo$d1564-1612$4cmp$1http://www.wikidata.org/entity/Q164882$96033
=245  \\$aPsalmen und christliche Gesänge, mit vier Stimmen, auf die Melodien fugenweis componirt
=260  \\$aLeipzig$bBreitkopf$c1777
=300  \\$a[ii]-150-[2] pages
=336  \\$anotated music
=336  \\$aprinted
=534  \\$aOriginally published in 1607
=648  \0$a18th Century (1701-1800)$1http://www.wikidata.org/entity/Q7015$920899
=650  \0$aVocal music$1http://www.wikidata.org/entity/Q685884$93319
=650  \0$aReligion$1http://www.wikidata.org/entity/Q9174$93062
=650  \0$aPsalm$1http://www.wikidata.org/entity/Q12497663$92164
=856  \\$uhttps://imslp.org/wiki/Psalmen_und_Christliche_Ges%C3%A4nge_(Hassler,_Hans_Leo)$3International Music Score Library Project
=942  \\$cSCO
=952  \\$00$10$2ddc$40$6KTS_1_000000000000000_C1_32_07A15$70$8RAR$91415$aORPH$bORPH$cKTS1_C1$d2020-07-08$eKoopman$i07A15$oKTS1 C1.32 07A15$p20137303$r2021-01-12 00:00:00$w2021-01-12$ySCO
=999  \\$d1415

