=LDR  00794aam a2200169   4500
=001  1416
=008  231017s1528\\\\||||||||\||||\00|\0\lat\d
=041  \\$alat
=100  \\$aQuintilian$d35-96$4aut$1http://www.wikidata.org/entity/Q193769$95436
=245  \\$aInstitutionum oratoriarum libri XII et de clamationes XIX
=260  \\$aParis$bBade$c1528
=648  \0$aClassical Antiquity (8th Century BC-6th Century AD)$1http://www.wikidata.org/entity/Q486761$921435
=650  \0$aRhetoric$1http://www.wikidata.org/entity/Q81009$93894
=651  \0$aRome (Italy)$1http://www.wikidata.org/entity/Q220$949
=942  \\$cBOO
=952  \\$00$10$2ddc$40$6KTS_1_000000000000000_C1_32_07A16$70$8RAR$91416$aORPH$bORPH$cKTS1_C1$d2020-07-08$eKoopman$l0$oKTS1 C1.32 07A16$p20137151$r2021-01-12 00:00:00$w2021-01-12$yBOO
=999  \\$d1416

