=LDR  02348aca a2200325   4500
=001  1417
=008  210913s1790\\\\\\\||a||\||||\00|\0\eng\d
=041  \\$aeng
=059  \\$a4S A 2T B 2S2A2T2B 2fl 2ob 2bsn 2tpt 2hrn timp 2vn vla1 vla2 vc org bc
=100  \\$aHandel, George Frideric$d1685-1759$4cmp$1http://www.wikidata.org/entity/Q7302$94765
=240  \\$aSolomon, HWV 67
=245  \\$aSolomon, $ba Sacred Oratorio In Score
=260  \\$aLondon$bArnold$c1790
=300  \\$a344 pages
=490  \\$aThe Works of G. F. Händel, Ed. in Score$vplate nos. 85-92
=500  \\$aMinor annotations in pencil (crosses, corrections in the accidentals, and additions in the figured bass) at pages 51-53, 77, 89, 90, 96, 119, 133, 244, 265, 267, 268, 309, and 315; in ink at pages 71, 248, 283, 285, and 288
=520  \\$a'Solomon' is based on the biblical stories of the wise king Solomon from the First Book of Kings and the Second Book of Chronicles, with additional material from Antiquities of the Jews by ancient historian Flavius Josephus. The music was composed between 5 May and 13 June 1748, and the first performance took place on 17 March 1749, with Caterina Galli in the title role at the Covent Garden Theatre in London, where it had two further performances. Handel revived the work in 1759.
=561  \\$aEx Libris William Pole Birmingham (plate and manuscript on title page)
=563  \\$aLeather binding with marbled-paper front and back, heavily restored
=590  \\$aWith all the additional Alterations, Composed in the Year 1749
=600  \0$aSolomon$cKing$d989-931 BC$1http://www.wikidata.org/entity/Q37085$920906
=610  \0$aTheatre Royal, Covent Garden (London, United Kingdom)$1http://www.wikidata.org/entity/Q55018$923267
=648  \0$a18th Century (1701-1800)$1http://www.wikidata.org/entity/Q7015$920899
=650  \0$aOratorio$1http://www.wikidata.org/entity/Q85477$91825
=650  \0$aOld Testament$1http://www.wikidata.org/entity/Q19786$923499
=651  \0$aUnited Kingdom$1http://www.wikidata.org/entity/Q21$9273
=700  \\$4lbt$aMendez, Moses$d1690?-1758$1http://www.wikidata.org/entity/Q18733494$94789
=942  \\$cSCO
=952  \\$00$10$2ddc$40$6KTS_1_000000000000000_C1_32_07A17$70$8RAR$91417$aORPH$bORPH$cKTS1_C1$d2020-07-08$eKoopman$oKTS1 C1.32 07A17$p20137319$r2021-01-12 00:00:00$w2021-01-12$ySCO
=999  \\$d1417

