=LDR  02096aca a2200277   4500
=001  1418
=008  210913s1785\\\\\\\||a||\||||\00|\0\eng\d
=041  \\$aeng
=059  \\$a2S2A2T2B 2ob 2bsn 3tpt timp 3vn vla vc db org
=100  \\$aHandel, George Frideric$d1685-1759$4cmp$1http://www.wikidata.org/entity/Q7302$94765
=240  \\$aLet Thy Hand Be Strengthened, HWV 259; Zadock the Priest, KWV 258; My Heart is Inditing, HWV 261
=245  \\$a3 Anthems, for the Coronation of George IId. Composed in the year 1727 
=260  \\$aLondon$bArnold$cc. 1785
=300  \\$a18-28-44 pages
=490  \\$aThe Works of G. F. Händel, Ed. in Score$vplate nos. 157-159
=500  \\$aOn 11 October 1727 George II and his wife Caroline of Ansbach were crowned King and Queen of Great Britain and Ireland. The ceremony at Westminster Abbey was preceded by a magnificent procession. Handel was commissioned to write four coronation anthems. He uses text from the King James Bible. They are Zadok the Priest, Let Thy Hand Be Strengthened, The King Shall Rejoice (missing in this collection), and My Heart Is Inditing. Each was originally a separate work but they were later published together.
=501  \\$aAnthem, for the Wedding of Frederick Prince of Wales, and the Princess of Saxa-Gotha. Composed in the Year 1736
Anthem, for the Funeral of Queen Caroline. Composed in the Year 1737
Anthem, for the Victory at Dettingen. Composed in the Year 1743
=600  \0$aGeorge II$cKing of Great Britain$d1683-1760$1http://www.wikidata.org/entity/Q131981$925011
=648  \0$a18th Century (1701-1800)$1http://www.wikidata.org/entity/Q7015$920899
=650  \0$aAnthem$1http://www.wikidata.org/entity/Q541947$92161
=650  \0$aCoronation$1http://www.wikidata.org/entity/Q209715$926017
=651  \0$aUnited Kingdom$1http://www.wikidata.org/entity/Q21$9273
=773  \\$020319$tHändel Anthems 1$w20319
=942  \\$cSCO
=952  \\$00$10$2ddc$40$6KTS_1_000000000000000_C1_32_07A18D$70$8RAR$91418$aORPH$bORPH$cKTS1_C1$d2020-07-08$eKoopman$oKTS1 C1.32 07A18d$p20137283d$r2021-01-12 00:00:00$w2021-01-12$ySCO
=999  \\$d1418

