=LDR  02396aca a2200289   4500
=001  1421
=008  210913s1795\\\\\\\||a||\||||\00|\0\eng\d
=041  \\$aeng
=059  \\$aA B 2SATB 2ob bsn 3tpt timp 2vn vla bc
=100  \\$aHandel, George Frideric$d1685-1759$4cmp$1http://www.wikidata.org/entity/Q7302$94765
=240  \\$aThe King Shall Rejoice, HWV 265
=245  \\$aAnthem, for the Victory at Dettingen.$bComposed in the Year 1743
=260  \\$aLondon$bArnold$cc. 1795
=300  \\$a44 pages
=490  \\$aThe Works of G. F. Händel, Ed. in Score$vplate nos. 156-157
=501  \\$aBound in with 'Anthem, for the Wedding of Frederick Prince of Wales, and the Princess of Saxa-Gotha. Composed in the Year 1736', 'Anthem, for the Funeral of Queen Caroline. Composed in the Year 1737' and 
'3 Anthems, for the Coronation of George IId. Composed in the year 1727'
=520  \\$aThe Battle of Dettingen took place on 27 June 1743 during the War of the Austrian Succession at Dettingen in the Electorate of Mainz, Holy Roman Empire (now Karlstein am Main in Bavaria). It was fought between a Pragmatic Army, composed of the British, Hanoverian and Austrian troops, and a French army commanded by the duc de Noailles. While the Earl of Stair exercised operational control, the Allied army was nominally commanded by George II, accompanied by his son the Duke of Cumberland. As a result, it is now best remembered as the last time a reigning British monarch led troops in combat.
Despite being an Allied victory, the battle had little effect on the wider war, and has been described as 'a happy escape, rather than a great victory.'
=600  \0$aGeorge II$cKing of Great Britain$d1683-1760$1http://www.wikidata.org/entity/Q131981$925011
=648  \0$a18th Century (1701-1800)$1http://www.wikidata.org/entity/Q7015$920899
=650  \0$aAnthem$1http://www.wikidata.org/entity/Q541947$92161
=650  \0$aMilitary history$1http://www.wikidata.org/entity/Q192781$93874
=651  \0$aUnited Kingdom$1http://www.wikidata.org/entity/Q21$9273
=651  \0$aDettingen (Karlstein am Main, Germany)$1http://www.wikidata.org/entity/Q506076$926924
=773  \\$020319$tHändel Anthems 1$w20319
=942  \\$cSCO
=952  \\$00$10$2ddc$40$6KTS_1_000000000000000_C1_32_07A18C$70$8RAR$91421$aORPH$bORPH$cKTS1_C1$d2020-07-08$eKoopman$oKTS1 C1.32 07A18c$p20137283c$r2021-01-12 00:00:00$w2021-01-12$ySCO
=999  \\$d1421

