=LDR  01689aca a2200253   4500
=001  1423
=008  210913s1789\\\\\\\||a||\||||\00|\0\eng\d
=041  \\$aeng
=059  \\$aS A/T B 2S2A2T2B 2ob 2tpt 2vn vla bc
=100  \\$aHandel, George Frideric$d1685-1759$4cmp$1http://www.wikidata.org/entity/Q7302$94765
=245  \\$aAn Ode or Serenata for the Birth Day of Queen Ann Composed in the Year 1736$b['Eternal Source of Light Divine', HWV 74]
=260  \\$aLondon$bArnold$c1789 [?]
=300  \\$a44 pages
=336  \\$anotated music
=336  \\$aprinted
=490  \\$aThe Works of G. F. Händel, Ed. in Score$vplate nos. 54
=500  \\$aAnne, Princess Royal and Princess of Orange (1709-1759)[ was the second child and eldest daughter of King George II of Great Britain and his consort Caroline of Ansbach. She was the wife of William IV, Prince of Orange, the first hereditary stadtholder of all seven provinces of the Northern Netherlands. She was taught music (including singing, harpsichord, and composition) by Georg Friedrich Händel. Händel did not like teaching, but said he would "make the only exception for Anne, flower of princesses". She remained a lifelong supporter, attending his operas and subscribing to his music.
=501  \\$aAlexander's Feast
=650  \0$aVocal music$1http://www.wikidata.org/entity/Q685884$93319
=700  \\$4lbt$aPhilips, Ambrose$d1674-1749$1http://www.wikidata.org/entity/Q2404968$96036
=773  \\$02692 $tAlexander's Feast$w2692 
=942  \\$cSCO
=952  \\$00$10$2ddc$40$6KTS_1_000000000000000_C1_32_07A20B$70$8RAR$91423$aORPH$bORPH$cKTS1_C1$d2020-07-08$eKoopman$i07A20b$oKTS1 C1.32 07A20b$r2021-01-12 00:00:00$w2021-01-12$ySCO
=999  \\$d1423

