=LDR  00533    a2200145   4500
=001  1430
=008  210318b\\\\\\\\\\\|||||\||||\00|\0\\\\\d
=245  \\$aAlbum Renaissance
=260  \\$as.l.$bs.n.$cs.d.
=300  \\$a50 pages
=500  \\$aBeautiful album
=942  \\$cEPH
=952  \\$00$10$2ddc$40$6KTS_1_000000000000000_C1_32_07A25$70$8RAR$91430$aORPH$bORPH$cKTS1_C1$d2020-07-08$eKoopman$i07A25$oKTS1 C1.32 07A25$p20136110$r2021-01-12 00:00:00$w2021-01-12$yEPH
=999  \\$c1430$d1430
=650  \0$aPhotography$1http://www.wikidata.org/entity/Q11633$91982

