=LDR  01439adm a2200277   4500
=001  1437
=008  210322b\\\\\\\\\\\||l||\||||\00|\0\ita\d
=041  \\$aita
=059  \\$ahpd 4h
=100  \\$aFabrizi, Vincenzo$d1765-1812$4cmp$96042
=245  \\$aSonata Per Cembalo a quattro Mani
=260  \\$as.l.$c17xx
=300  \\$a25 pages
=500  \\$aVincenzo Fabrizi (1765-1812) is better known as composer of opere buffe than of keyboard music
=500  \\$aSonata in C major in two movements (Allegro - Allegro/Rondò), with primo and secondo opposite each other.
=533  \\$aDigitized by iGuana, Spring 2022
=590  \\$aDel Sig.e Vincenzo Fabrrizi Napol:etano
=650  \0$aInstrumental music$1http://www.wikidata.org/entity/Q639197$92106
=650  \0$aSonata$1http://www.wikidata.org/entity/Q131269$921653
=650  \0$aHarpsichord$1http://www.wikidata.org/entity/Q81982$92125
=650  \0$aQuatre mains$1http://www.wikidata.org/entity/Q227484$922186
=856  \\$uhttps://uv-v4.netlify.app/#?manifest=https://sharedcanvas.be/IIIF/manifests/ce095b28-4a52-11ed-b3c5-c10fa24b93d7$3Orpheus Instituut - Shared Canvas viewer
=856  \\$uhttps://sharedcanvas.be/IIIF/manifests/ce095b28-4a52-11ed-b3c5-c10fa24b93d7$3IIIF manifest
=942  \\$cMS
=952  \\$00$10$2ddc$40$6KTS_1_000000000000000_C2_10_07B02$70$8RAR$91437$aORPH$bORPH$cKTS1_C2$d2020-07-08$eKoopman$oKTS1 C2.10 07B02$p20136127$r2021-01-12 00:00:00$w2021-01-12$yMS
=999  \\$d1437

