=LDR  01336aam a2200229   4500
=001  1439
=008  220321s1651\\\\||||||||\||||\00|\0\dut\d
=041  \\$adut
=245  \\$aHaagsch winkel-praatje oft gesprek
=250  \\$a1st ed.
=260  \\$aLeeuwarden$bFonteyne$c1651
=300  \\$a32 pages
=336  \\$aprinted
=500  \\$aa pleasant conversation on the events of the day in the United Provinces
=590  \\$aVoor-gevallen in den Hage, tusschen vier Personen, Een Hollander, een Zeeu, een Vries, ende een Greuninger: Nopende de Amnestie, Dank, en Vier-dag, En het recht dat sijn Hoogheyd heeft gehad tot het gevangen nemen, en afsetten van de Ses Leden uyt de Vergaderinge der Groot-mogende Heeren Staten van Holland ende West-Vriesland, en het Belegeren van Amsterdam
=648  \0$a17th Century (1601-1700)$1http://www.wikidata.org/entity/Q7016$920923
=650  \0$aHistory$1http://www.wikidata.org/entity/Q309$921403
=651  \0$aThe Hague (Netherlands)$1http://www.wikidata.org/entity/Q36600$910
=856  \\$uhttps://reader.digitale-sammlungen.de//de/fs1/object/display/bsb10277109_00005.html$3Bavarian State Library
=942  \\$cBOO
=952  \\$00$10$2ddc$40$6KTS_1_000000000000000_C2_10_07B04$70$8RAR$91439$aORPH$bORPH$cKTS1_C2$d2020-07-08$eKoopman$oKTS1 C2.10 07B04$p20138534$r2021-01-12 00:00:00$w2021-01-12$yBOO
=999  \\$d1439

