=LDR  01462acm a2200313   4500
=001  1443
=005  20250923161048.0
=008  220321r17301728|||||k||\||||\00|\0\fre\d
=041  \\$afre
=059  \\$avv
=245  \\$aLes Psaumes de David
=260  \\$aBasel$bPistorius$c1730
=300  \\$a614-[10]-74-[2] pages
=336  \\$aprinted
=500  \\$aidentical to 10B16
=501  \\$a'Cantiques sacrez introduits dans l'usage public des differentes Eglises françoises de la Suisse Reformée'
=534  \\$aOriginally published in 1728
=590  \\$aMis en vers françois, revus & approuvez par les Pasteurs & Professeurs de l'Eglise & de l'Academie de Genève. Avec quelques cantiques, & quelques prières
=648  \0$a18th Century (1701-1800)$1http://www.wikidata.org/entity/Q7015$920899
=650  \0$aProtestantism$1http://www.wikidata.org/entity/Q23540$921012
=650  \0$aVocal music$1http://www.wikidata.org/entity/Q685884$93319
=650  \0$aPsalm$1http://www.wikidata.org/entity/Q12497663$92164
=650  \0$aPrayer$1http://www.wikidata.org/entity/Q40953$921486
=651  \0$aBasel (Switzerland)$1http://www.wikidata.org/entity/Q78$921311
=653  \\$aPictet$3vw$935966$020138536$w07B08
=942  \\$cSCO
=952  \\$00$10$2ddc$40$6KTS_1_000000000000000_C2_10_07B08$70$8RAR$91443$aORPH$bORPH$cKTS1_C2$d2020-07-08$eKoopman$oKTS1 C2.10 07B08$p20138536$r2021-01-12 00:00:00$w2021-01-12$ySCO
=999  \\$d1443
=533  \\$aDigitized by iGuana, Spring 2025.

