=LDR  01557acc a2200313   4500
=001  1445
=008  210426s1777\\\\\\\|||||\||||\00|\0\lat\l
=041  \\$alat
=059  \\$av
=245  \\$aCantus diversi ex Antiphonario Romano
=260  \\$aAvignon$bChambeau$c1777
=300  \\$a275 pages
=336  \\$aprinted
=500  \\$abirth and baptism information written (in ink) on a card in the front matter, about Jacques Antoine Flocard, son of Jean Michel Flocard and Helaine Desmaison
=500  \\$apencil marks in front matter
=501  \\$a'Principes abrégés du plain-chant'
=590  \\$apro Nativitate Domini, item pro ultimo triduo Majoris Hebdomadæ, ad Matutinum, et totum Officium Defunctorum. Editio nova, accuratior
=648  \0$a18th Century (1701-1800)$1http://www.wikidata.org/entity/Q7015$920899
=650  20$aCatholicism$1http://www.wikidata.org/entity/Q1841$921631
=650  \0$aAntiphonary$1http://www.wikidata.org/entity/Q1385360$921617
=650  \0$aPlainchant$1http://www.wikidata.org/entity/Q2707688$921363
=651  \0$aFrance$1http://www.wikidata.org/entity/Q142$9131
=653  \\$aBonand (Bonaud?)$3vw v$929746$020138538$w07B10a
=653  \\$aChabert$3vw iii$930384$020138538$w07B10a
=653  \\$aFlacard, J.A._geboortebewijs$3kaft$931738$020138538$w07B10a
=653  \\$aGuillon$3vw v$932482$020138538$w07B10a
=942  \\$cSCO
=952  \\$00$10$2ddc$40$6KTS_1_000000000000000_C2_10_07B10A$70$8RAR$91445$aORPH$bORPH$cKTS1_C2$d2020-07-08$eKoopman$oKTS1 C2.10 07B10a$p20138538$r2021-01-12 00:00:00$w2021-01-12$ySCO
=999  \\$d1445

