=LDR  02162aam a2200301   4500
=001  1447
=008  220321s1727\\\\||||||||\||||\00|\0\mul\d
=041  \\$alat$agre$aheb
=059  \\$aperc
=100  \\$aEllys, Richard$cSir$d1674-1742$4aut$1http://www.wikidata.org/entity/Q7528571$96046
=245  \\$aFortuitia sacra, quibus subjicitur commentarius de cymbalis
=260  \\$aRotterdam$bHofhout$c1727
=300  \\$a[xx]-378-[8] pages
=336  \\$aprinted
=500  \\$ams. note in front matter: "Operis hujus auctor est Richardus Ellys, Anglus, ut paret ex dedicatione, qua Abr. Gronovius Oliani Varias Historias [meant here is Gronovius' edition of Ælian's 'Varia historia'], a sc. 1731 edita, iste viro sacras fecit. Male vocatur auctor Robertus Ellis a Jo. Christoph Wolf. ad i Cor. XV. vs. 29 p. 540 Richardum Ellys laudat etiam Jo. Heinr. a Seelen Medit. Excy. Tomb. p. 508"
=500  \\$aRIchard Ellys (?1688-1742) was an English Whig politician and bibliophile
=500  \\$athe book starts with a discussion of doubtful passages in the Greek Testament
=500  \\$athe section on cymbals starts at p. 257
=561  \\$aEx libris Bibliotheek van de Doopsgezinde Gemeente bij het Lam en den Toren te Amsterdam (plate + stamp)
=590  \\$aQuis mihi jure succenseat, si quantum cæteris ad res suas obeundas, quantum ad festos dies ludorum celebrandos, quantum ad alias voluptates conceditur temporum, quantum alii tribuun tempestivis convivii: quantum denique aleæ, quantum pilæ tantum mihi egomet ad hæc studia recolenda sumpsero? M[arcus] T[ullius] C[icero] pro Archia.
=648  \0$a18th Century (1701-1800)$1http://www.wikidata.org/entity/Q7015$920899
=650  \0$aReligion$1http://www.wikidata.org/entity/Q9174$93062
=650  \0$aLiterature$1http://www.wikidata.org/entity/Q8242$94439
=650  \0$aPercussion$1http://www.wikidata.org/entity/Q1661583$92155
=651  \0$aUnited Kingdom$1http://www.wikidata.org/entity/Q21$9273
=942  \\$cBOO
=952  \\$00$10$2ddc$40$6KTS_1_000000000000000_C2_10_07B11$70$8RAR$91447$aORPH$bORPH$cKTS1_C2$d2020-07-08$eKoopman$oKTS1 C2.10 07B11$p20138539$r2021-01-12 00:00:00$w2021-01-12$yBOO
=999  \\$d1447

