=LDR  02139aac a2200313   4500
=001  1449
=008  210305r17841783\\\|||||\||||\00|\i\ger\d
=041  \\$ager$hfre
=100  \\$aRiesbeck, Johann Kaspar$d1754-1786$4aut$1http://www.wikidata.org/entity/Q930749$96047
=245  \\$aBriefe eines reisenden Franzosen über Deutschland an seinen Bruder zu Paris
=250  \\$a2nd ed.
=260  \\$aZürich$c1784
=300  \\$a2 vols. (430+408 pages)
=336  \\$aprinted
=500  \\$aIn the form of letters allegedly written by a Frenchman traveling in Germany, Riesbeck exposes for the first time the gap between the French Enlightenment and Germany's backwardness, on the eve of the French Revolution; he severely criticizes the social and religious mores of his country, as well as its political administration; but he also underlines its strengths, particularly in scientific, literary and philosophical matters, to show himself convinced that the German nation possesses the qualities necessary for its regeneration. 
=534  \\$aOriginally published in 1783
=561  \\$aEx libris Maclean of Ardgour (plate)
=648  \0$a18th Century (1701-1800)$1http://www.wikidata.org/entity/Q7015$920899
=650  \0$aTravel$1http://www.wikidata.org/entity/Q61509$94440
=650  \0$aEnlightenment$1http://www.wikidata.org/entity/Q12539$94532
=650  \0$aCrescendo$1http://www.wikidata.org/entity/Q2347888$922787
=650  \0$aCorrespondence$1http://www.wikidata.org/entity/Q1784733$921392
=651  \0$aGermany$1http://www.wikidata.org/entity/Q183$9155
=765  \\$aLettres d'Allemagne
=856  \\$uhttps://reader.digitale-sammlungen.de/de/fs1/object/display/bsb10467956_00001.html$3Bavarian State Library
=942  \\$cBOO
=952  \\$00$10$2ddc$3vol. 1$40$6KTS_1_000000000000000_C2_10_07B13_01$70$8RAR$91449$aORPH$bORPH$cKTS1_C2$d2020-07-08$eKoopman$oKTS1 C2.10 07B13_01$p20138541$r2021-01-12 00:00:00$w2021-01-12$yBOO
=952  \\$00$10$2ddc$3vol. 2$40$6KTS_1_000000000000000_C2_10_07B13_02$70$8RAR$921390$aORPH$bORPH$cKTS1_C2$d2020-07-08$eKoopman$l0$oKTS1 C2.10 07B13_02$p20138542$r2022-03-21 00:00:00$w2021-01-12$yBOO
=999  \\$d1449

