=LDR  02686aam a2200277   4500
=001  1455
=008  220322r17771728|||af|||\||||\00|\d\eng\d
=041  \\$aeng
=100  \\$aGay, John$d1685-1732$4aut$1http://www.wikidata.org/entity/Q321660$96050
=245  \\$aThe Beggar's Opera
=260  \\$aLondon$bBell$c1777
=300  \\$a65-[2] pages
=500  \\$aThe Beggar's Opera is a ballad opera in three acts written in 1728 by John Gay with music arranged by Johann Christoph Pepusch. It is one of the watershed plays in Augustan drama and is the only example of the once thriving genre of satirical ballad opera to remain popular today. Ballad operas were satiric musical plays that used some of the conventions of opera, but without recitative. The lyrics of the airs in the piece are set to popular broadsheet ballads, opera arias, church hymns and folk tunes of the time.
=500  \\$aThe piece satirised Italian opera, which had become popular in London. According to The New York Times: "Gay wrote the work more as an anti-opera than an opera, one of its attractions to its 18th-century London public being its lampooning of the Italian opera style and the English public's fascination with it." Instead of the grand music and themes of opera, the work uses familiar tunes and characters that were ordinary people. Some of the songs were by opera composers like Handel, but only the most popular of these were used. The audience could hum along with the music and identify with the characters. The story satirised politics, poverty and injustice, focusing on the theme of corruption at all levels of society. 
=500  \\$aplate next to frontispiece containing an illustration of 'Mr. Vernon in the Character of Mackheat'
=534  \\$aOriginally published in 1728, see H1-017
=590  \\$aAs written by John Gay. Distinguished also the variations of the theatre, as performed at the Theatre Royal in Drury Lane, Regulated from the Prompt-Book, by Permission of the Managers, by Mr. Hopkins, prompter
=648  \0$a18th Century (1701-1800)$1http://www.wikidata.org/entity/Q7015$920899
=650  \0$aLibretto$1http://www.wikidata.org/entity/Q131084$94031
=650  \0$aBallad opera$1http://www.wikidata.org/entity/Q119272$923822
=650  \0$aSatire$1http://www.wikidata.org/entity/Q128758$921636
=651  \0$aLondon (United Kingdom)$1http://www.wikidata.org/entity/Q84$9123
=856  \\$uhttps://www.loc.gov/resource/musschatz.22247.0?st=gallery$3Library of Congress
=942  \\$cBOO
=952  \\$00$10$2ddc$40$6KTS_1_000000000000000_C2_10_07B19$70$8RAR$91455$aORPH$bORPH$cKTS1_C2$d2020-07-08$eKoopman$oKTS1 C2.10 07B19$p20138547$r2021-01-12 00:00:00$w2021-01-12$yBOO
=999  \\$d1455

