=LDR  01286aam a2200253   4500
=001  1456
=008  220322r17771729|||af|||\||||\00|\d\eng\d
=041  \\$aeng
=100  \\$aGay, John$d1685-1732$4aut$1http://www.wikidata.org/entity/Q321660$96050
=245  \\$aPolly.$bAn Opera
=260  \\$aLondon$bBell$c1777
=300  \\$a84 pages
=500  \\$aBallad opera, set by John [Johann Christoph] Pepush and premiered posthumously (due to censorship), on 19 June 1777
=500  \\$aplate next to frontispiece containing an illustration of 'Miss Brown in the Character of Polly'
=534  \\$aOriginally published in 1729
=590  \\$aAs written by John Gay. Being the second part of the Beggar's Opera.
=650  \0$aLibretto$1http://www.wikidata.org/entity/Q131084$94031
=650  \0$aBallad opera$1http://www.wikidata.org/entity/Q119272$923822
=650  \0$aSatire$1http://www.wikidata.org/entity/Q128758$921636
=651  \0$aLondon (United Kingdom)$1http://www.wikidata.org/entity/Q84$9123
=856  \\$uhttps://www.loc.gov/resource/musschatz.22247.0/?sp=3$3Library of Congress
=942  \\$cBOO
=952  \\$00$10$2ddc$40$6KTS_1_000000000000000_C2_10_07B20$70$8RAR$91456$aORPH$bORPH$cKTS1_C2$d2020-07-08$eKoopman$oKTS1 C2.10 07B20$p20138548$r2021-01-12 00:00:00$w2021-01-12$yBOO
=999  \\$d1456

