=LDR  05474aac a2200613   4500
=001  1458
=005  20251029110828.0
=008  220322s1824\\\\|||acf||\||||\00|\p\dut\d
=041  \\$adut
=100  \\$aFeith, Rhijnvis$d1753-1824$4aut$1http://www.wikidata.org/entity/Q1375304$95084
=245  \\$aDicht- en prozaïsche werken$nvols. 1-14
=260  \\$aRotterdam$aZwolle$bImmerzeel$bDoijer$c1824
=300  \\$a14 vols. (23-312+247+267+295-[2]+271+183-54+218+187+208+160+248+xx-216+xx-216+xvi-242 pages)
=336  \\$aprinted
=500  \\$aRhijnvis Feith (1753-1824) was a poet from Zwolle who studied law in Leiden together with Willem Bilderdijk, by whom he was influenced
=500  \\$aThe last three volumes, 'Oden en gedichten' were printed in Zwolle by H. As. Zoon Doijer
=500  \\$aidentical to the (incomplete) series H3-087 & H3-088
=505  \\$g'Levensbericht', 'Verhandeling over de evangelieleer', 'Dagboek', 'Brieven' (6 volumes in 3), 'Verhandeling over het heldendicht', 'Thirsa', 'Lady Gray', 'Ines de Castro', 'C. Mucius Cordus', 'Proeve van eenige gezangen', 'De ouderdom', 'Lazarus', 'Het graf', 'Brieven aan Sophie' and 'Oden en gedichten' (3 vols.)
=648  \0$a19th Century (1801-1900)$1http://www.wikidata.org/entity/Q6955$920935
=650  \0$aPlay (theater)$1http://www.wikidata.org/entity/Q25379$921414
=650  \0$aMoral education$1http://www.wikidata.org/entity/Q25457248$93171
=650  \0$aPoetry$1http://www.wikidata.org/entity/Q482$93026
=650  \0$aNovel$1http://www.wikidata.org/entity/Q8261$921629
=651  \0$aNetherlands$1http://www.wikidata.org/entity/Q55$9173
=856  \\$uhttps://books.google.be/books?id=D-vGi1D8UqkC$3vol. 1
=856  \\$uhttps://books.google.be/books?id=VuKgHrshXUkC$3vol. 2
=856  \\$uhttps://books.google.be/books?id=Z2iOysDXqnQC$3vol. 3
=856  \\$uhttps://books.google.be/books?id=KJlKWlF9sIcC$3vol. 4
=856  \\$uhttps://books.google.be/books?id=0ZmGZCjH6fgC$3vol. 5
=856  \\$uhttps://books.google.be/books?id=ldELddm1W_8C$3vol. 6
=856  \\$uhttps://books.google.be/books?id=4rI6ptjOw8YC$3vol. 7
=856  \\$uhttps://books.google.be/books?id=0SbyPsT1WggC$3vol. 8
=856  \\$uhttps://books.google.be/books?id=zrXV7mpYfNYC$3vol. 9
=856  \\$uhttps://books.google.be/books?id=WIhOAAAAcAAJ$3vol. 10
=856  \\$uhttps://books.google.be/books?id=-vkpdNq5SjwC$3vol. 11
=856  \\$uhttps://books.google.be/books?id=x4ZFAAAAcAAJ&hl=nl&source=gbs_similarbooks$3vol. 12
=856  \\$uhttps://books.google.be/books?id=44RFAAAAcAAJ&hl=nl&source=gbs_book_other_versions$3vol. 13
=856  \\$uhttps://books.google.be/books?id=8oRFAAAAcAAJ&hl=nl&source=gbs_similarbooks$3vol. 14
=942  \\$cBOO
=952  \\$00$10$2ddc$3vol. 1$40$6KTS_1_000000000000000_C2_10_07B22$70$8RAR$91458$aORPH$bORPH$cKTS1_C2$d2020-07-08$eKoopman$oKTS1 C2.10 07B22$p20138550$r2021-01-12 00:00:00$w2021-01-12$yBOO
=952  \\$00$10$2ddc$3vol. 2$40$6KTS_1_000000000000000_C2_10_07B23$70$8RAR$921391$aORPH$bORPH$cKTS1_C2$d2020-07-08$eKoopman$oKTS1 C2.10 07B23$p20138551$r2022-03-22 00:00:00$w2021-01-12$yBOO
=952  \\$00$10$2ddc$3vol. 4$40$6KTS_1_000000000000000_C2_10_07B25$70$8RAR$921392$aORPH$bORPH$cKTS1_C2$d2020-07-08$eKoopman$oKTS1 C2.10 07B25$p20138553$r2022-03-22 00:00:00$w2021-01-12$yBOO
=952  \\$00$10$2ddc$3vol. 3$40$6KTS_1_000000000000000_C2_10_07B24$70$8RAR$921393$aORPH$bORPH$cKTS1_C2$d2020-07-08$eKoopman$oKTS1 C2.10 07B24$p20138552$r2022-03-22 00:00:00$w2021-01-12$yBOO
=952  \\$00$10$2ddc$3vol. 5$40$6KTS_1_000000000000000_C2_10_07B26$70$8RAR$921394$aORPH$bORPH$cKTS1_C2$d2020-07-08$eKoopman$l0$oKTS1 C2.10 07B26$p20138554$r2022-03-22 00:00:00$w2021-01-12$yBOO
=952  \\$00$10$2ddc$3vol. 6$40$6KTS_1_000000000000000_C2_10_07B27$70$8RAR$921395$aORPH$bORPH$cKTS1_C2$d2020-07-08$eKoopman$l0$oKTS1 C2.10 07B27$p20138555$r2022-03-22 00:00:00$w2021-01-12$yBOO
=952  \\$00$10$2ddc$3vol. 7$40$6KTS_1_000000000000000_C2_10_07B28$70$8RAR$921396$aORPH$bORPH$cKTS1_C2$d2020-07-08$eKoopman$l0$oKTS1 C2.10 07B28$p20138556$r2022-03-22 00:00:00$w2021-01-12$yBOO
=952  \\$00$10$2ddc$3vol. 8$40$6KTS_1_000000000000000_C2_10_07B29$70$8RAR$921397$aORPH$bORPH$cKTS1_C2$d2020-07-08$eKoopman$l0$oKTS1 C2.10 07B29$p20138557$r2022-03-22 00:00:00$w2021-01-12$yBOO
=952  \\$00$10$2ddc$3vol. 9$40$6KTS_1_000000000000000_C2_10_07B30$70$8RAR$921398$aORPH$bORPH$cKTS1_C2$d2020-07-08$eKoopman$l0$oKTS1 C2.10 07B30$p20138558$r2022-03-22 00:00:00$w2021-01-12$yBOO
=952  \\$00$10$2ddc$3vol. 10$40$6KTS_1_000000000000000_C2_10_07B31$70$8RAR$921399$aORPH$bORPH$cKTS1_C2$d2020-07-08$eKoopman$oKTS1 C2.10 07B31$p20138559$r2022-03-22 00:00:00$w2021-01-12$yBOO
=952  \\$00$10$2ddc$3vol. 11$40$6KTS_1_000000000000000_C2_11_07B32$70$8RAR$921400$aORPH$bORPH$cKTS1_C2$d2020-07-08$eKoopman$l0$oKTS1 C2.11 07B32$p20138560$r2022-03-22 00:00:00$w2021-01-12$yBOO
=952  \\$00$10$2ddc$3vol. 12$40$6KTS_1_000000000000000_C2_11_07B33$70$8RAR$921401$aORPH$bORPH$cKTS1_C2$d2020-07-08$eKoopman$l0$oKTS1 C2.11 07B33$p20138561$r2022-03-22 00:00:00$w2021-01-12$yBOO
=952  \\$00$10$2ddc$3vol. 13$40$6KTS_1_000000000000000_C2_11_07B34$70$8RAR$921402$aORPH$bORPH$cKTS1_C2$d2020-07-08$eKoopman$l0$oKTS1 C2.11 07B34$p20138562$r2022-03-22 00:00:00$w2021-01-12$yBOO
=952  \\$00$10$2ddc$3vol. 14$40$6KTS_1_000000000000000_C2_11_07B35$70$8RAR$921403$aORPH$bORPH$cKTS1_C2$d2020-07-08$eKoopman$l0$oKTS1 C2.11 07B35$p20138563$r2022-03-22 00:00:00$w2021-01-12$yBOO
=999  \\$d1458

