=LDR  01642aam a2200289   4500
=001  1459
=003  OI
=005  20250120120350.0
=008  210226s1868\\\\be\af|||\||||\00|\0\dut\d
=040  \\$aOI
=041  \\$adut
=100  \\$aAndriessen, Pieter Jacob$d1815-1877$4aut$1http://www.wikidata.org/entity/Q14101146$96052
=245  \\$aDe Muiderkring
=250  \\$a2nd ed.
=260  \\$aAmsterdam$bLeendertz$c1868
=300  \\$a222-[2] pages$b4 plates inserted
=336  \\$aprinted
=500  \\$aThe Muiderkring (also Muyderkring) was the group of literati around P. C. Hooft (see (02G19, 03D09, 03K14 and 09B17), featuring Maria (Tesselschade) Visscher (05D06), Anna Visscher (15G09), Gerardus Vossius (06I01, 09C12, 09F04, 10G10, 15C16), Constantijn Huygens (03D09, 04H05, 05D06, 08B02, 08J17, 16D13, 16D23, X1C22, X3C21), Grotius (01F05, 02F01, 02F17_01k, 06A07, 10K15, 12A17, X3A05, X3A19), Vondel (02F17, 03H05, 04H14-15, 02F18, 11A05, H3-038, X3C21), and Caspar Barlæus (03D09, 05D06)
=590  \\$aVijftien jaren van den bloeitijd onzer letterkunde, 1623-1637
=648  \0$a19th Century (1801-1900)$1http://www.wikidata.org/entity/Q6955$920935
=650  \0$aLiterature$1http://www.wikidata.org/entity/Q8242$94439
=650  \0$aHistory$1http://www.wikidata.org/entity/Q309$921403
=651  \0$aNetherlands$1http://www.wikidata.org/entity/Q55$9173
=856  \\$uhttps://books.google.be/books?id=TbqjnQEACAAJ$3Google Books
=942  \\$cBOO
=952  \\$00$10$2ddc$40$6KTS_1_000000000000000_C2_11_07B36$70$8RAR$91459$aORPH$bORPH$cKTS1_C2$d2020-07-08$eKoopman$oKTS1 C2.11 07B36$p20138564$r2021-01-12 00:00:00$w2021-01-12$yBOO
=999  \\$d1459

