=LDR  01725aam a2200325   4500
=001  1460
=005  20251029110828.0
=008  210512r18251793\\\|||||\||||\00|\0\dut\d
=041  \\$adut
=100  \\$aFeith, Rhijnvis$d1753-1824$4aut$1http://www.wikidata.org/entity/Q1375304$95084
=245  \\$aBijdragen ter bevordering der schoone kunsten en wetenschappen
=260  \\$aRotterdam$bImmerzeel$c1825
=300  \\$a2 vols. in 1 (xvi-250+264-[2] pages)
=336  \\$aprinted
=500  \\$asupplement to the works of Rhijnvis Feith (1753-1824), a poet from Zwolle who studied law in Leiden together with Willem Bilderdijk, by whom he was influenced
=534  \\$aOriginally published in 1793-96
=561  \\$aEx libris A. Nijhof (ms.)
=648  \0$a18th Century (1701-1800)$1http://www.wikidata.org/entity/Q7015$920899
=648  \0$a19th Century (1801-1900)$1http://www.wikidata.org/entity/Q6955$920935
=650  \0$aAesthetics$1http://www.wikidata.org/entity/Q35986$921494
=650  \0$aPoetry$1http://www.wikidata.org/entity/Q482$93026
=650  \0$aLiterature$1http://www.wikidata.org/entity/Q8242$94439
=650  \0$aPlay (theater)$1http://www.wikidata.org/entity/Q25379$921414
=651  \0$aNetherlands$1http://www.wikidata.org/entity/Q55$9173
=700  \\$4aut$aKantelaar, Jacobus$d1759-1821$1http://www.wikidata.org/entity/Q2566200$96053
=856  \\$uhttps://books.google.be/books?id=k24AAAAAcAAJ&hl=nl&source=gbs_navlinks_s$3vol. 1
=856  \\$uhttps://books.google.be/books?id=q24AAAAAcAAJ$3vol. 2
=942  \\$cBOO
=952  \\$00$10$2ddc$40$6KTS_1_000000000000000_C2_10_07B37$70$8RAR$91460$aORPH$bORPH$cKTS1_C2$d2020-07-08$eKoopman$oKTS1 C2.10 07B37$p20138565$r2021-01-12 00:00:00$w2021-01-12$yBOO
=999  \\$d1460

