=LDR  01025aam a2200241   4500
=001  1462
=008  220323s1891\\\\||||||||\||||\00|\p\dut\d
=041  \\$adut
=100  \\$aEeden, Frederik van$d1860-1932$4aut$1http://www.wikidata.org/entity/Q211514$94949
=245  \\$aEllen:$been lied van de smart
=250  \\$a1st ed.
=260  \\$aAmsterdam$bVersluys$c1891
=300  \\$a133 pages
=500  \\$aSee also 02A15 for a later edition
=500  \\$aFrederik van Eeden's poetic debut
=561  \\$aEx libris Jo. van den Steenhoven (ms.)
=648  \0$a19th Century (1801-1900)$1http://www.wikidata.org/entity/Q6955$920935
=650  \0$aPoetry$1http://www.wikidata.org/entity/Q482$93026
=650  \0$aReligion$1http://www.wikidata.org/entity/Q9174$93062
=651  \0$aNetherlands$1http://www.wikidata.org/entity/Q55$9173
=942  \\$cBOO
=952  \\$00$10$2ddc$40$6KTS_1_000000000000000_C2_10_07B39$70$8RAR$91462$aORPH$bORPH$cKTS1_C2$d2020-07-08$eKoopman$oKTS1 C2.10 07B39$p20138566$r2021-01-12 00:00:00$w2021-01-12$yBOO
=999  \\$d1462

