=LDR  01340aam a2200289   4500
=001  1463
=005  20251001162233.0
=008  220323r18911890||||||||\||||\00|\e\dut\d
=041  \\$adut
=100  \\$aEeden, Frederik van$d1860-1932$4aut$1http://www.wikidata.org/entity/Q211514$94949
=245  \\$aStudies$nvol. 1/6
=250  \\$a2nd ed.
=260  \\$aAmsterdam$bVersluys$c1891
=300  \\$a271-[1] pages
=336  \\$aprinted
=500  \\$acontains essays on Eduard Douwes Dekker (Multatuli), Gorter, hypnotism, socialism, feminism, and other subjects
=500  \\$aautograph (?) dedication to A. Scheltema
=561  \\$aOriginally published in 1890
=648  \0$a19th Century (1801-1900)$1http://www.wikidata.org/entity/Q6955$920935
=650  \0$aHistory$1http://www.wikidata.org/entity/Q309$921403
=650  \0$aLiterature$1http://www.wikidata.org/entity/Q8242$94439
=650  \0$aAesthetics$1http://www.wikidata.org/entity/Q35986$921494
=651  \0$aNetherlands$1http://www.wikidata.org/entity/Q55$9173
=856  \\$u[]$3https://books.google.be/books?id=vagSAAAAYAAJ&dq=editions:vBn2cP0bcj4C&hl=nl&source=gbs_navlinks_s
=942  \\$cBOO
=952  \\$00$10$2ddc$40$6KTS_1_000000000000000_C2_11_07B40$70$8RAR$91463$aORPH$bORPH$cKTS1_C2$d2020-07-08$eKoopman$oKTS1 C2.11 07B40$p20138567$r2021-01-12 00:00:00$w2021-01-12$yBOO
=999  \\$d1463

