=LDR  01519aam a2200253   4500
=001  1464
=008  220323r16651650|||af|||\||||\00|\0\lat\d
=041  \\$alat
=100  \\$aClaudianus, Claudius$4aut$1http://www.wikidata.org/entity/Q205947$96055
=245  \\$aOpera quæ exstant
=260  \\$aAmsterdam$bElsevier$c1665
=300  \\$a[xxvi]-917-[15] pages
=336  \\$aprinted
=500  \\$aClaudius Claudianus, known in English as Claudian (c. 370 – c. 404 AD), was a Latin poet associated with the court of the Roman emperor Honorius at Mediolanum (Milan), and particularly with the general Stilicho. His work, written almost entirely in hexameters or elegiac couplets, falls into three main categories: poems for Honorius, poems for Stilicho, and mythological epic.
=534  \\$aOriginally published in 1650
=648  \0$aClassical Antiquity (8th Century BC-6th Century AD)$1http://www.wikidata.org/entity/Q486761$921435
=648  \0$a17th Century (1601-1700)$1http://www.wikidata.org/entity/Q7016$920923
=650  \0$aHistory$1http://www.wikidata.org/entity/Q309$921403
=650  \0$aLiterature$1http://www.wikidata.org/entity/Q8242$94439
=650  \0$aMythology$1http://www.wikidata.org/entity/Q9134$921600
=700  \\$4edt$aHeinsius, Nicolaas$d1620-1681$1http://www.wikidata.org/entity/Q510116$99668
=942  \\$cBOO
=952  \\$00$10$2ddc$40$6KTS_1_000000000000000_C2_11_07C01$70$8RAR$91464$aORPH$bORPH$cKTS1_C2$d2020-07-08$eKoopman$oKTS1 C2.11 07C01$p20138569$r2021-01-12 00:00:00$w2021-01-12$yBOO
=999  \\$d1464

