=LDR  01080aam a2200241   4500
=001  1467
=008  220324r18531823||||||||\||||\00|\d\mul\d
=041  \\$aeng$aita$hger
=100  \\$aGehe, Eduard Heinrich$d1793-1850$4aut$1http://www.wikidata.org/entity/Q1288681$96060
=245  \\$aJessonda.$bA Lyric Drama, in Three Acts
=260  \\$aLondon$bBrettell$c1853
=300  \\$a60 pages
=336  \\$aprinted
=500  \\$aGroße Oper, premiered in Kassel, 1823
=590  \\$athe Music by Spohr
=648  \0$a19th Century (1801-1900)$1http://www.wikidata.org/entity/Q6955$920935
=650  \0$aLibretto$1http://www.wikidata.org/entity/Q131084$94031
=650  \0$aOpera$1http://www.wikidata.org/entity/Q1344$92468
=651  \0$aLondon (United Kingdom)$1http://www.wikidata.org/entity/Q84$9123
=700  \\$4trl$aMaggioni, Manfredo$1http://www.wikidata.org/entity/Q55946647$96059
=942  \\$cBOO
=952  \\$00$10$2ddc$40$6KTS_1_000000000000000_C2_11_07C04$70$8RAR$91467$aORPH$bORPH$cKTS1_C2$d2020-07-08$eKoopman$oKTS1 C2.11 07C04$p20138577$r2021-01-12 00:00:00$w2021-01-12$yBOO
=999  \\$d1467

