=LDR  01132aam a2200253   4500
=001  1468
=008  220324r18371835||||||||\||||\00|\d\mul\d
=041  \\$aeng$aita$hita
=100  \\$aPepoli, Carlo$cConte$d1796-1881$4aut$1http://www.wikidata.org/entity/Q1042364$96061
=245  \\$aI Puritani.$bA Lyric Play, in Three Acts
=260  \\$aLondon$bBrettell$c1837
=300  \\$a69 pages
=336  \\$aprinted
=500  \\$aPremiered in Paris, 1835
=590  \\$athe Music by Bellini
=648  \0$a19th Century (1801-1900)$1http://www.wikidata.org/entity/Q6955$920935
=650  \0$aLibretto$1http://www.wikidata.org/entity/Q131084$94031
=650  \0$aOpera$1http://www.wikidata.org/entity/Q1344$92468
=651  \0$aLondon (United Kingdom)$1http://www.wikidata.org/entity/Q84$9123
=700  \\$4trl$aMaggioni, Manfredo$1http://www.wikidata.org/entity/Q55946647$96059
=856  4\$uhttps://catalog.hathitrust.org/Record/011609797
=942  \\$cBOO
=952  \\$00$10$2ddc$40$6KTS_1_000000000000000_C2_11_07C05$70$8RAR$91468$aORPH$bORPH$cKTS1_C2$d2020-07-08$eKoopman$oKTS1 C2.11 07C05$p20138578$r2021-01-12 00:00:00$w2021-01-12$yBOO
=999  \\$d1468

