=LDR  01113aam a2200253   4500
=001  1469
=005  20250919120319.0
=008  220324r18601833||||||||\||||\00|\d\mul\d
=041  \\$aeng$aita$hita
=100  \\$aRomani, Felice$d1788-1865$4aut$1http://www.wikidata.org/entity/Q350103$96063
=245  \\$aLucrezia Borgia.$bA Lyric Tragedy, in Two Acts, with Prologue
=260  \\$aLondon$bBrettell$c1860
=300  \\$a59 pages
=336  \\$aprinted
=500  \\$aPremiered in Milan, 1833
=590  \\$aThe Music by Donizetti
=648  \0$a19th Century (1801-1900)$1http://www.wikidata.org/entity/Q6955$920935
=650  \0$aLibretto$1http://www.wikidata.org/entity/Q131084$94031
=650  \0$aOpera$1http://www.wikidata.org/entity/Q1344$92468
=651  \0$aLondon (United Kingdom)$1http://www.wikidata.org/entity/Q84$9123
=700  \\$4trl$aMaggioni, Manfredo$1http://www.wikidata.org/entity/Q55946647$96059
=942  \\$cBOO
=952  \\$00$10$2ddc$40$6KTS_1_000000000000000_C2_11_07C06$70$8RAR$91469$aORPH$bORPH$cKTS1_C2$d2020-07-08$eKoopman$oKTS1 C2.11 07C06$p20138579$r2021-01-12 00:00:00$w2021-01-12$yBOO
=999  \\$d1469

