=LDR  01247aam a2200265   4500
=001  1471
=008  211123q1853\\\\\\\|||||\||||\00|\d\mul\d
=041  \\$aeng$eita$hfre
=100  \\$aWally, Léon de$d1811-1896$4aut$96066
=245  \\$aBenvenuto Cellini.$bA Lyric Play, in Three Acts
=260  \\$aLondon$bBrettell$c1853 [?]
=300  \\$a80 pages
=336  \\$aprinted
=561  \\$aThe original version premiered at the Opéra in Paris, 10 September 1838
=590  \\$aThe Music by Hector Berlioz
=600  \0$aBerlioz, Hector$d1803-1869$1http://www.wikidata.org/entity/Q1151$99542
=610  \0$aRoyal Opera House (London, United Kingdom)$1http://www.wikidata.org/entity/Q55018$923031
=648  \0$a19th Century (1801-1900)$1http://www.wikidata.org/entity/Q6955$920935
=650  \0$aOpera$1http://www.wikidata.org/entity/Q1344$92468
=650  \0$aLibretto$1http://www.wikidata.org/entity/Q131084$94031
=651  \0$aLondon (United Kingdom)$1http://www.wikidata.org/entity/Q84$9123
=700  \\$4trl$aNicodemo of Santo-Mango, J.$96067
=942  \\$cBOO
=952  \\$00$10$2ddc$40$6KTS_1_000000000000000_C2_11_07C08$70$8RAR$91471$aORPH$bORPH$cKTS1_C2$d2020-07-08$eKoopman$oKTS1 C2.11 07C08$p20138581$r2021-01-12 00:00:00$w2021-01-12$yBOO
=999  \\$d1471

