=LDR  01439aam a2200301   4500
=001  1472
=008  220324s1813\\\\||||||||\||||\00|\0dita\d
=041  \\$aita
=100  \\$aGandolfi, Gaetano$d1776-1819$4aut$1http://www.wikidata.org/entity/Q15830463$96068
=245  \\$aElogio di Gio: Battista Martini
=250  \\$a1st ed.
=260  \\$aBologna$bMasi$c1813
=300  \\$a23 pages
=500  \\$aGaetano Gandolfi is not to be confused with the homonymous painter (1734-1802)
=600  \0$aMartini, Giovanni Battista$d1706-1784$1http://www.wikidata.org/entity/Q283651$95397
=648  \0$a19th Century (1801-1900)$1http://www.wikidata.org/entity/Q6955$920935
=650  \0$aMusic history$1http://www.wikidata.org/entity/Q846047$921373
=650  \0$aEulogy$1http://www.wikidata.org/entity/Q249697$923846
=651  \0$aBologna (Italy)$1http://www.wikidata.org/entity/Q1891$921973
=653  \0$aPalestrina$38$020138582$w07C09$935723
=653  \0$aHaydn, J.$322$020138582$w07C09$932639
=653  \0$aRameau, J.P.$312$020138582$w07C09$938224
=653  \0$aMarcello, B.$38, 10$020138582$w07C09$934447
=653  \0$aMartini, Padre$3wb$020138582$w07C09$934501
=856  \\$uhttps://books.google.be/books?id=_tVxqmmHzzwC$3Google Books
=942  \\$cBOO
=952  \\$00$10$2ddc$40$6KTS_1_000000000000000_C2_11_07C09$70$8RAR$91472$aORPH$bORPH$cKTS1_C2$d2020-07-08$eKoopman$oKTS1 C2.11 07C09$p20138582$r2021-01-12 00:00:00$w2021-01-12$yBOO
=999  \\$d1472

