=LDR  01232aam a2200253   4500
=001  1474
=008  220324s1790\\\\||||||||\||||\00|\0\fre\d
=041  \\$afre
=100  \\$aRozet, Benoît$4aut$96070
=245  \\$aVéritable origine des biens écclesiastiques
=260  \\$aParis$bDesenne$bRozet$c1790
=300  \\$aviii-416 pages
=336  \\$aprinted
=561  \\$aEx libris James Whatman (plate)
=590  \\$aFragmens historiques & curieux, contenant les différentes voies par lesquelles le clergé séculier & régulier de France s'est enrichi. Accompagnée de notes historiques & critiques
=648  \0$a18th Century (1701-1800)$1http://www.wikidata.org/entity/Q7015$920899
=650  \0$aReligion$1http://www.wikidata.org/entity/Q9174$93062
=650  \0$aHistory$1http://www.wikidata.org/entity/Q309$921403
=650  \0$aCrescendo$1http://www.wikidata.org/entity/Q2347888$922787
=651  \0$aFrance$1http://www.wikidata.org/entity/Q142$9131
=856  \\$uhttps://books.google.be/books?id=uwxGAAAAcAAJ$3Google Books
=942  \\$cBOO
=952  \\$00$10$2ddc$40$6KTS_1_000000000000000_C2_11_07C11$70$8RAR$91474$aORPH$bORPH$cKTS1_C2$d2020-07-08$eKoopman$oKTS1 C2.11 07C11$p20138585$r2021-01-12 00:00:00$w2021-01-12$yBOO
=999  \\$d1474

