=LDR  01154aam a2200241   4500
=001  1475
=008  220324s1737\\\\|||agf||\||||\00|\0\fre\d
=041  \\$afre
=100  \\$aRameau, Jean-Philippe$d1683-1764$4aut$1http://www.wikidata.org/entity/Q1145$94787
=245  \\$aGénération harmonique ou Traité de musique théorique et pratique
=260  \\$aParis$bPrault$c1737
=300  \\$a[xiv]-227-[17] pages$b12 plates inserted
=336  \\$aprinted
=500  \\$a're-issue' occasioned by the composer's death?
=501  \\$aSaas' 'Lettres sur l'Encyclopédie' (1764)
=648  \0$a18th Century (1701-1800)$1http://www.wikidata.org/entity/Q7015$920899
=650  \0$aMusic theory$1http://www.wikidata.org/entity/Q193544$92662
=650  \0$aHarmony$1http://www.wikidata.org/entity/Q184421$92358
=651  \0$aParis (France)$1http://www.wikidata.org/entity/Q90$9160
=856  \\$uhttps://gallica.bnf.fr/view3if/ga/ark:/12148/btv1b8623285t/f9$3IIIF
=942  \\$cBOO
=952  \\$00$10$2ddc$40$6KTS_1_000000000000000_C2_11_07C12A$70$8RAR$91475$aORPH$bORPH$cKTS1_C2$d2020-07-08$eKoopman$oKTS1 C2.11 07C12a$p20138586$r2021-01-12 00:00:00$w2021-01-12$yBOO
=999  \\$d1475

