=LDR  03935aam a2200745   4500
=001  1480
=008  220121s1767\\\\\\\g||||\||||\00|\0\ger\d
=041  \\$ager
=059  \\$akbd
=100  \\$aSorge, Georg Andreas$d1703-1778$4aut$1http://www.wikidata.org/entity/Q88592$97274
=245  \\$aAnleitung zur Fantasie, oder zu der schönen Kunst, das Clavier, wie auch andere Instrumente aus dem Kopfe zu spielen
=260  \\$aBad Lobenstein$bSorge$c1767
=300  \\$a[vi]-80 pages$b17 sheets of music examples inserted
=336  \\$aprinted
=500  \\$aGeorg Andreas Sorge (1703-1778) was an organist, composer, and, most notably, theorist.
=561  \\$aEx libris Georg Ludwig (plate)
=590  \\$anach theoretischen und practischen Grundsaetzen, wie solche die Natur des Klangs lehret
=648  \0$a18th Century (1701-1800)$1http://www.wikidata.org/entity/Q7015$920899
=650  \0$aImprovisation$1http://www.wikidata.org/entity/Q1049625$93640
=650  \0$aImprovisation$1http://www.wikidata.org/entity/Q1049625$93640
=650  \0$aHarmony$1http://www.wikidata.org/entity/Q184421$92358
=650  \0$aMusic theory$1http://www.wikidata.org/entity/Q193544$92662
=651  \0$aGermany$1http://www.wikidata.org/entity/Q183$9155
=653  \0$aAbel$352, 76$020138588$w07C16$928420
=653  \0$aakoestiek$3vw$020138588$w07C16$928552
=653  \0$aAlbrecht$357, 58, 79$020138588$w07C16$928566
=653  \0$aBach, C.P.E.$378, 79, 80$020138588$w07C16$928902
=653  \0$aBononcini$354$020138588$w07C16$929756
=653  \0$aBerardi$354$020138588$w07C16$929432
=653  \0$aNeidhardt$3vw, iii, 19$020138588$w07C16$935195
=653  \0$aCramer$357, 58$020138588$w07C16$930830
=653  \0$aenharmonisch$311, 12-19, 37, 41, 42, 68$020138588$w07C16$931478
=653  \0$aQuantz, J.J.$376$020138588$w07C16$936296
=653  \0$asolmisatie$370$020138588$w07C16$936344
=653  \0$aSteffani$348$020138588$w07C16$936524
=653  \0$aFux, J.J.$370$020138588$w07C16$931956
=653  \0$aTelemann, G.P.$312, 15, 18, 19, 41$020138588$w07C16$936796
=653  \0$atemperatuur$34, 7, 8-15, 16-20, 68, 75$020138588$w07C16$936807
=653  \0$atrompet$33, 8$020138588$w07C16$937194
=653  \0$aHaydn, J.$376$020138588$w07C16$932639
=653  \0$aHeinichen$354, 67$020138588$w07C16$932675
=653  \0$ahoorn$38$020138588$w07C16$932928
=653  \0$aimprovisatie$3wb, 26, 59, 72$020138588$w07C16$933059
=653  \0$aWagenseil$352$020138588$w07C16$937831
=653  \0$aWerckmeister, A.$3vw iii, 19$020138588$w07C16$937929
=653  \0$akerktoonsoorten$342, 43$020138588$w07C16$933376
=653  \0$aRameau, J.P.$3vw iv, v, vi,, 3, 63, 76, 77, 79$020138588$w07C16$938224
=653  \0$aRolle$357, 58, 79, 80$020138588$w07C16$938513
=653  \0$akwint/oktaafparallellen$346-48, 75, 76$020138588$w07C16$933824
=653  \0$aScheibe$319, 73$020138588$w07C16$938809
=653  \0$aMarpurg$3vw v, vi, 48, 51, 53, 54, 56, 57, 58, 75, 76, 79$020138588$w07C16$934481
=653  \0$aMattheson$319, 49, 54, 72, 73, 74, 75, 76$020138588$w07C16$934534
=653  \0$aMizler$319, 73$020138588$w07C16$934781
=653  \0$aMozart, L.$3vw iii$020138588$w07C16$934924
=653  \0$aMurschhauser$341$020138588$w07C16$934959
=653  \\$aHumanus, P.C.$374$933000$020138588$w07C16
=653  \\$amonochordmeting$318, 19$934826$020138588$w07C16
=653  \\$aPrintz, J.C.$319$936211$020138588$w07C16
=653  \\$aRiedt$3vw iv$938436$020138588$w07C16
=653  \\$aRiedt$376, 77, 78$938436$020138588$w07C16
=653  \\$aSchröter$357, 58, 79$938968$020138588$w07C16
=856  \\$uhttps://imslp.org/wiki/Anleitung_zur_Fantasie_(Sorge%2C_Georg_Andreas)$3International Music Score Library Project
=942  \\$cBOO
=952  \\$00$10$2ddc$40$6KTS_1_000000000000000_C2_11_07C16$70$8RAR$91480$aORPH$bORPH$cKTS1_C2$d2020-07-08$eKoopman$oKTS1 C2.11 07C16$p20138588$r2021-01-12 00:00:00$w2021-01-12$yBOO
=999  \\$d1480

