=LDR  01794aam a2200277   4500
=001  1481
=008  220328r17181695||||||||\||||\00|\idmul\d
=041  \\$agre$alat
=100  \\$aPhalaris$4dub$1http://www.wikidata.org/entity/Q452265$96078
=245  \\$aAgrigentinorum tyranni epistolæ
=260  \\$aOxford$bClarendon$c1718
=300  \\$a[xii]-154-[6] pages
=336  \\$aprinted
=500  \\$aSir Charle Boyle (1676-1731) published his edition of Phalaris at the request of the scholars of Christ Church, Oxford, as part of the controversy with Dr. Richard Bentley (1662 -1742), which led to Swift’s Battle of the Books. 
=500  \\$aBentley's dissertation upon the epistles, published in 1699, proved that the letters in question, supposedly written in the 6th century BCE by the Sicilian tyrant Phalaris, were actually a forgery produced by a Greek sophist in the 2nd century CE.
=534  \\$aOriginally published in 1695$ohttps://books.google.be/books?id=cllmAAAAcAAJ&hl=nl&source=gbs_navlinks_s
=561  \\$aEx libris C. J. Shakerley (plate)
=648  \0$aClassical Antiquity (8th Century BC-6th Century AD)$1http://www.wikidata.org/entity/Q486761$921435
=648  \0$a18th Century (1701-1800)$1http://www.wikidata.org/entity/Q7015$920899
=650  \0$aHistory$1http://www.wikidata.org/entity/Q309$921403
=650  \0$aCorrespondence$1http://www.wikidata.org/entity/Q1784733$921392
=700  \\$4aut$4edt$aBoyle, Charles$cEarl of Orrery$d1674-1731$1http://www.wikidata.org/entity/Q2805655$923851
=856  \\$uhttps://books.google.be/books?id=tx9FAAAAMAAJ$3Google Books
=942  \\$cBOO
=952  \\$00$10$2ddc$40$6KTS_1_000000000000000_C2_11_07C17$70$8RAR$91481$aORPH$bORPH$cKTS1_C2$d2020-07-08$eKoopman$oKTS1 C2.11 07C17$p20138590$r2021-01-12 00:00:00$w2021-01-12$yBOO
=999  \\$d1481

