=LDR  03546    a2200433   4500
=001  1482
=005  20251003085455.0
=008  210322s1798\\\\\\\|||||\c|||\00|\0\dut\d
=041  \\$adut
=100  \\$aDanser Nyman, Jan$d?-c. 1798$4col$96079
=245  \\$aCatalogus van een Ongemeene Capitaale Collectie Prent-Kunst
=260  \\$aAmsterdam$bCrajenschot$bIJver$c[1798]
=300  \\$a378 pages (182 printed pages, 196 pages of interleaves)
=500  \\$aContains numerous annotations on interleaves indicating the buyers (among other Reinier Vinkeles) and the prices the artworks fetched at auction, on 19 March 1798
=533  \\$aDigitized by iGuana, Spring 2022
=590  \\$aWaar in Uitmunten de Heerlyke Werken; naar P. P. Rubbens [sic], Antony van Dyck, J. Jordaans; verders eigen geëtste door Rembrant, A. van Ostade, N. Berchem, en andere; keurlyke zwarte Kunst-Prenten, extra fraaije Geponsonneerde, en in de manier als Teekeningen, en andere Gegraveerde; door de Beroemdste Engelsche, Fransche en Nederlandsche Kunst-Graveerders; waar onder een meenigte Proefdrukken, en zeldzaam voorkoomende, alle zindelyk Geconditioneert. Capitaale gebonden, en losse prent-werken, Beneevens twee keurlyke Kunst-Kasten. Naargelaaten door wylen den Heere Jan Danser Nyman, Al het welke naar het Kabinet Teekeningen; ter zelver plaats, door gemelde Makelaars zal Verkogt worden. 
=600  \0$aRubens, Peter Paul$d1577-1640$1http://www.wikidata.org/entity/Q5599$914413
=600  \0$avan Dyck, Antoon$d1599-1641$1http://www.wikidata.org/entity/Q150679$99547
=600  \0$aRembrandt$d1606-1669$1http://www.wikidata.org/entity/Q5598$914481
=648  \0$a18th Century (1701-1800)$1http://www.wikidata.org/entity/Q7015$920899
=650  \0$aCatalogue$1http://www.wikidata.org/entity/Q2352616$921484
=650  \0$aFine art$1http://www.wikidata.org/entity/Q219625$921579
=651  \0$aAmsterdam (Netherlands)$1http://www.wikidata.org/entity/Q727$9135
=653  \0$ainventaris$3wb$020136121$w07C18$933115
=653  \\$aBooyman$378x$929774$020136121$w07C18
=653  \\$aCrommelijn$364x, 65x, 66x, 99x, 152x$930858$020136121$w07C18
=653  \\$aFokkes, J.$354x, 64x, 101x, 102x, 105x, 142x, 154x, 183, 186, 192, 193, 195$931796$020136121$w07C18
=653  \\$aHasselaar$330x, 40x, 41x, 46x, 50x, 52x, 53x, 55x, 57x, 58x, 62x, 63x, 69x, 70x, 71x, 72x, 73x, 91x, 96x, 101x, 102x, 103x, 107x, 110x, 111x, 112x, 120x, 121x, 123x, 124x, 125x, 128x, 130x, 133x, 137x, 138x, 142x, 144x, 146x, 147x, 149x, 170x, 172x, 189, 190, 192, 193, 195, 196, 197 $932610$020136121$w07C18
=653  \\$aOstade, van $379-87, 106, 127, 170, 171, 179$020136121$w07C18$935640
=653  \\$aPloos van Amstel$3129, 171$936035$020136121$w07C18
=653  \\$aprijs van grafiek$3wb$936172$020136121$w07C18
=653  \\$aRembrandt$373-77, 166$914481$020136121$w07C18
=653  \\$aRoeloffs$3107x, 108x, 143x, 147x, 148x, 151x, 152x, 155x, 158x, 159x, 160x, 161x, 190$938497$020136121$w07C18
=653  \\$aVinkeler, R.$314x, 16x, 17x, 21x, 22x, 28x, 30x, 31x, 60x, 61x, 64x, 148x, 189, 191, 196$937574$020136121$w07C18
=856  \\$uhttps://uv-v4.netlify.app/#?manifest=https://sharedcanvas.be/IIIF/manifests/71979b62-4a13-11ed-8178-a91855832597$3IIIF
=856  \\$uhttps://sharedcanvas.be/IIIF/manifests/71979b62-4a13-11ed-8178-a91855832597$3IIIF manifest
=942  \\$cBOO
=952  \\$00$10$2ddc$40$6KTS_1_000000000000000_C2_11_07C18$70$8RAR$91482$aORPH$bORPH$cKTS1_C2$d2020-07-08$eKoopman$oKTS1 C2.11 07C18$p20136121$r2021-01-12 00:00:00$w2021-01-12$yBOO
=999  \\$d1482

