=LDR  01364aam a2200265   4500
=001  1483
=008  220328s1530\\\\||||||||\||||\00|\p\mul\d
=041  \\$alat$agre
=100  \\$aAesop$4aut$1http://www.wikidata.org/entity/Q43423$98405
=245  \\$aPhrygis fabellæ Græce & Latine, cum alijs opusculis, quorum index proxima refertur pagella
=260  \\$aBasel$bFroben$c1530
=300  \\$a363-[5] pages
=336  \\$aprinted
=500  \\$aParallel texts in Greek and Latin
=500  \\$ams. notations in ink throughout the book, probably by John Godwin in early 17th century
=561  \\$aEx libris Dominican fathers Edinburgh (stamp)
Ex libris John Godwin, September 1610 (ms.)
=648  \0$a16th Century (1501-1600)$1http://www.wikidata.org/entity/Q7017$920944
=648  \0$aClassical Antiquity (8th Century BC-6th Century AD)$1http://www.wikidata.org/entity/Q486761$921435
=650  \0$aMythology$1http://www.wikidata.org/entity/Q9134$921600
=650  \0$aPoetry$1http://www.wikidata.org/entity/Q482$93026
=650  \0$aLiterature$1http://www.wikidata.org/entity/Q8242$94439
=856  \\$uhttps://books.google.be/books?id=Ls5RAAAAcAAJ$3Google Books
=942  \\$cBOO
=952  \\$00$10$2ddc$40$6KTS_1_000000000000000_C2_11_07C19$70$8RAR$91483$aORPH$bORPH$cKTS1_C2$d2020-07-08$eKoopman$oKTS1 C2.11 07C19$p20138591$r2021-01-12 00:00:00$w2021-01-12$yBOO
=999  \\$d1483

