=LDR  01512    a2200277   4500
=001  1486
=008  220505s1834\\\\||||||||\||||\00|\0cger\d
=041  \\$ager
=100  \\$aNilson, Christoph Andreas$d1760-1833$4aut$96082
=245  \\$aUeber niederländische Kunst oder biographisch-technische Nachrichten
=260  \\$aAugsburg; Leipzig$bJenisch; Stageschen$c1834
=300  \\$axii-284 pages
=336  \\$aprinted
=500  \\$aEngraving next to title-page: portrait (buste) of the dutch painter Jan van Huysum (1682-1749)
=500  \\$aC.A. Nilson was an art historian, lawyer, painter and art educator 
=561  \\$aEx libris B. L... (?) 1.7.63 (manuscript)
=561  \\$aEx libris J.v.Sz (stamp)
=590  \\$aden vorzüglichsten Meistern in der Zeichnungskunst und Malerei in den vereinigten Niederlanden, als Stoff zu Vorslesungen auf Kunst- eund Wissenschaftlichen Schulen. Aus den vorzüglischsten Quellen bearbeitett von Lit. A.C. Nilson
=650  \0$aFine art$1http://www.wikidata.org/entity/Q219625$921579
=650  \0$aBiography$1http://www.wikidata.org/entity/Q36279$91927
=650  \0$aFine art$1http://www.wikidata.org/entity/Q219625$921579
=651  \0$aNetherlands$1http://www.wikidata.org/entity/Q55$9173
=856  \\$uhttps://books.google.be/books?id=AQJjAAAAcAAJ&$3Google Books
=942  \\$cBOO
=952  \\$00$10$2ddc$40$6KTS_1_000000000000000_C2_19_07C22$70$8RAR$91486$aORPH$bORPH$cKTS1_C2$d2020-07-08$eKoopman$oKTS1 C2.19 07C22$p20138780$r2021-01-12 00:00:00$w2021-01-12$yBOO
=999  \\$d1486

