=LDR  01530aam a2200277   4500
=001  1487
=005  20250925143255.0
=008  220505s1951\\\\|||o||||\||||\00|\0\eng\d
=041  \\$aeng
=100  \\$aJames, Charles F.$4aut$96083
=245  \\$aThe Story of the Performing Right Society$bAn Association of Composers, Authors, and Publishers of Music
=250  \\$a1st ed.
=260  \\$aLondon$bClowes$c1951
=300  \\$a148 pages$billustrations and photos
=500  \\$aThe Performing Right Society, later PRS for Music, was founded in 1914 by a group of music publishers, including William Boosey and Oliver Hawkes, to protect the value of copyright and help provide an income for composers, songwriters and music publishers.
=561  \\$aEx libris J. A. Alsbach (plate)
=563  \\$aThe Society's coat of arms embossed in gold on front cover
=610  \0$aPerforming Rights Society (London, United Kingdom)$1http://www.wikidata.org/entity/Q7120528$926952
=648  \0$a20th Century (1901-2000)$1http://www.wikidata.org/entity/Q6927$920936
=650  \0$aMusic history$1http://www.wikidata.org/entity/Q846047$921373
=650  \0$aInstitution$1http://www.wikidata.org/entity/Q178706$94241
=651  \0$aLondon (United Kingdom)$1http://www.wikidata.org/entity/Q84$9123
=942  \\$cBOO
=952  \\$00$10$2ddc$40$6KTS_1_000000000000000_C2_19_07C23$70$8RAR$91487$aORPH$bORPH$cKTS1_C2$d2020-07-08$eKoopman$oKTS1 C2.19 07C23$p20138779$r2021-01-12 00:00:00$w2021-01-12$yBOO
=999  \\$d1487
=533  \\$aDigitized by iGuana, Spring 2025.

