=LDR  02439acm a2200337   4500
=001  1489
=008  210426s1718\\\\\\\||l||\||||\00|\0\lat\l
=041  \\$alat
=059  \\$aSAT bc
=100  \\$aSchollenberger, Kaspar$d1673-1735$4cmp$1http://www.wikidata.org/entity/Q27668520$96084
=245  \\$aGaudia et Luctus in unum concinnata:$bMissæ VI. Ariosæ, solemnis una, quatuor privatæ, lugubris defunctorum ultima op. 3
=250  \\$a1st ed.
=260  \\$aAugsburg$bSchlüter$bHappach$c1718
=300  \\$a4 vols. (56+56+55+54 pages)
=500  \\$aKaspar Schollenberger (1673-1735) was a philosophy teacher at the monastery in Wengen bei Ulm; his masses are dedicated to parish choirs with a high level
=500  \\$a6 Masses (with 2 trumpets and timpani)
=500  \\$aincomplete set of parts
=500  \\$aTitle: "Joy and Grief put together into one: 6 musical masses : one solemn, four private, final mourning for the departed"
=590  \\$a4. Vocibus C.A.T.B. 2. Violinis, Violone, Organo, ac 2. Clarinis in Missa solemni concertantibus Viola, Tympano & 4 Vocibus Ripp. aliisque Instrumentalis additits ad placitum &c. Suaviter, & Graviter decantande &c.
=648  \0$a18th Century (1701-1800)$1http://www.wikidata.org/entity/Q7015$920899
=650  \0$aVocal music$1http://www.wikidata.org/entity/Q685884$93319
=650  \0$aVocal music$1http://www.wikidata.org/entity/Q685884$93319
=650  20$aCatholicism$1http://www.wikidata.org/entity/Q1841$921631
=650  20$aMass$1http://www.wikidata.org/entity/Q217295$92735
=651  \0$aUlm (Germany)$1http://www.wikidata.org/entity/Q3012$924079
=942  \\$cSCO
=952  \\$00$10$2ddc$3canto concert.$40$6KTS_1_000000000000000_C2_19_07C25A$70$8RAR$91489$aORPH$bORPH$cKTS1_C2$d2020-07-08$eKoopman$oKTS1 C2.19 07C25a$p20138768$r2021-01-12 00:00:00$w2021-01-12$ySCO
=952  \\$00$10$2ddc$3alto concert.$40$6KTS_1_000000000000000_C2_19_07C25B$70$8RAR$921499$aORPH$bORPH$cKTS1_C2$d2020-07-08$eKoopman$oKTS1 C2.19 07C25b$p20138769$r2022-05-05 00:00:00$w2021-01-12$ySCO
=952  \\$00$10$2ddc$3tenore concert.$40$6KTS_1_000000000000000_C2_19_07C25C$70$8RAR$921500$aORPH$bORPH$cKTS1_C2$d2020-07-08$eKoopman$oKTS1 C2.19 07C25c$p20138770$r2022-05-05 00:00:00$w2021-01-12$ySCO
=952  \\$00$10$2ddc$3organo.$40$6KTS_1_000000000000000_C2_19_07C25D$70$8RAR$921501$aORPH$bORPH$cKTS1_C2$d2020-07-08$eKoopman$oKTS1 C2.19 07C25d$p20138771$r2022-05-05 00:00:00$w2021-01-12$ySCO
=999  \\$d1489

