=LDR  02995    a2200397   4500
=001  1493
=008  220509s1762\\\\||||||||\||||\00|\0\ger\d
=041  \\$ager
=100  \\$aKautz, Nathanael Friedrich$d1714-1775$4aut$96087
=245  \\$aDrey Predigten bey besondern Gelegenheiten
=260  \\$aDanzig$bSchreiber$c1762
=300  \\$a[viii]-64 pages
=336  \\$aprinted
=500  \\$aWhat is the relationship of this work to the homonymous book by Ernst Ludwig Orlich (Braunschweig, 1759)?
=500  \\$aNathanael Friedrich Kautz was a german evangelical lutheran pastor and song poet at the st. john's church of his birthtown Danzig.
=500  \\$aFirst two sermons on the occasion of celebrating  the centenary of 'The Peace of Oliva' when a treaty was signed between Sweden and Poland at Oliva, near Danzig, on 23 April 1660. It marked the end of a war between the two countries.(Olivischen Frieden)
=500  \\$aLast sermon on the occasion of the inauguration of a new organ in the St.Johns Cathedral of Danzig. in 1761
=505  \\$gI. Die Hauptpflichen der Christen bey dem glückseligen Genuss zeitlichen Friedens, über Psalm 147, v.12=14 am ersten Festtage der hundertjährigen Gedächtnissfeyer des (?)livischen Freidens im Jahr 1760 den 3. May
II. Die rechte Beschaffenheit eines erhörlichen Friedensgebets zur Zeit gosser Kriegesnoht, über Psalm 85, v. 2=9 am dritten Festtage der hundrtjährigen Gedächtnisfeyer des (?)livischen Freidens im Jahr 1760 den 5. May
III. Das gottesdienstliche Singen und Spielen im Hause des Herrn über das ordentliche Evangelium am eilften Sonntage nach Trinitas Luk.18, v.9=14 nach Veranlassung des ersten Gebrauchs einer neuen Orgel 1761

=648  \0$a18th Century (1701-1800)$1http://www.wikidata.org/entity/Q7015$920899
=650  \0$aReligion$1http://www.wikidata.org/entity/Q9174$93062
=650  \0$aHistory$1http://www.wikidata.org/entity/Q309$921403
=650  \0$aSermon$1http://www.wikidata.org/entity/Q60797$921869
=650  \0$aOrgan$1http://www.wikidata.org/entity/Q1444$92810
=650  \0$aChurch music$1http://www.wikidata.org/entity/Q8812109$92283
=651  \0$aGdańsk (Poland)$1http://www.wikidata.org/entity/Q1792$924109
=653  \0$amuziek in eredienst$3vw iii, 45-47, 47-50, 50-52, 52-54, 54-56, 57, 61$020138781$w07C29$935012
=653  \0$aorganist$364$020138781$w07C29$935454
=653  \0$aoud-nieuw$349$020138781$w07C29$935651
=653  \0$aemoties$361, 64$020138781$w07C29$931445
=653  \0$agemeentezang$351-55, 57, 58, 59, 60$020138781$w07C29$932102
=653  \\$aDanzig_Joh. kerk orgel$3vw iii, 43-48, 48-56, 61, 64$930939$020138781$w07C29
=653  \\$adoel van kerkmuziek$361, 62, 64$931128$020138781$w07C29
=653  \\$akerkbrand en brandweer 1762$363, 64$933367$020138781$w07C29
=942  \\$cBOO
=952  \\$00$10$2ddc$40$6KTS_1_000000000000000_C2_19_07C29$70$8RAR$91493$aORPH$bORPH$cKTS1_C2$d2020-07-08$eKoopman$oKTS1 C2.19 07C29$p20138781$r2021-01-12 00:00:00$w2021-01-12$yBOO
=999  \\$d1493

