=LDR  01798    a2200265   4500
=001  1494
=008  220509s1749\\\\||||||||\||||\00|\0\spa\d
=041  \\$aspa
=100  \\$aFeijoo, Benito Jerónimo$d1676-1764$4aut$1http://www.wikidata.org/entity/Q379753$96088
=245  \\$aTheatro crítico universal,$bo Discursos varios en todo género de materias, para desengaño de errores comunes $pvol. 1
=250  \\$a8th ed.
=260  \\$aMadrid$bHierro, del$c1749
=300  \\$a[xxviii]-400-[15] pages$bbound in white vellum
=336  \\$aprinted
=500  \\$aFeijoo was a Benedictine Monk, scholar, essayist and literary critic, who led the Age of Enlightenment in Spain. He was an energetic popularizer noted for encouraging scientific and empirical thought in an effort to debunk myths and superstitions.
=500  \\$aTeatro crítico universal (1726–1739) is a multi-volume collection of essays that cover a range of subjects, from natural history and the then known sciences, education, history, religion, literature, philology, music, philosophy and medicine, down to superstitions, wonders and salient points of contemporary journalistic interest.
=648  \0$a18th Century (1701-1800)$1http://www.wikidata.org/entity/Q7015$920899
=650  \0$aMusic history$1http://www.wikidata.org/entity/Q846047$921373
=650  \0$aPhilosophy$1http://www.wikidata.org/entity/Q5891$92357
=650  \0$aHistory$1http://www.wikidata.org/entity/Q309$921403
=650  \0$aScience$1http://www.wikidata.org/entity/Q7991$921650
=856  \\$uhttps://books.google.be/books?id=ZI3ysZvOXhAC$3Google Books
=942  \\$cBOO
=952  \\$00$10$2ddc$40$6KTS_1_000000000000000_C2_19_07C30$70$8RAR$91494$aORPH$bORPH$cKTS1_C2$d2020-07-08$eKoopman$oKTS1 C2.19 07C30$p20138784$r2021-01-12 00:00:00$w2021-01-12$yBOO
=999  \\$d1494

