=LDR  00836    a2200217   4500
=001  1501
=005  20250925143255.0
=008  220510s1945\\\\||||||||\||||\00|\p\dut\d
=041  \\$adut
=100  \\$aEggink, Jacoba$d1914-1997$4aut$4dto$1http://www.wikidata.org/entity/Q107726788$96093
=245  \\$aKyrie Eleison
=250  \\$a1st ed.
=260  \\$aAmsterdam$bElsevier$c1945
=300  \\$a36 pages
=336  \\$aprinted
=500  \\$aContains autograph poem and signature, dated 1945
=648  \0$a20th Century (1901-2000)$1http://www.wikidata.org/entity/Q6927$920936
=650  \0$aPoetry$1http://www.wikidata.org/entity/Q482$93026
=942  \\$cBOO
=952  \\$00$10$2ddc$40$6KTS_1_000000000000000_C2_19_07C37$70$8RAR$91501$aORPH$bORPH$cKTS1_C2$d2020-07-08$eKoopman$oKTS1 C2.19 07C37$p20138790$r2021-01-12 00:00:00$w2021-01-12$yBOO
=999  \\$d1501

