=LDR  02305aam a2200301   4500
=001  1502
=008  220510s1804\\\\||||||||\||||\00|\i\ger\d
=041  \\$ager
=100  \\$aReichardt, Johann Friedrich$d1752-1814$4aut$1http://www.wikidata.org/entity/Q213742$95430
=245  \\$aVertraute Briefe aus Paris geschrieben in den Jahren 1802 und 1803
=250  \\$a1st ed.
=260  \\$aHamburg$bHoffmann$c1804
=300  \\$a3 vols. (xvi-492-[1]+xvi-422-[4]+xvi-390-[4] pages)
=500  \\$aJohann Friedrich Reichardt (1752-1814) was a German composer, writer and music critic. Being intrigued at first with revolutionary ideas and showing sympatheties to the French Revolution, another trip to Paris in 1802 lessened his fascination for the French and French politics considerably: he became an opponent of Napoleon. 
Much of Reichardt's reputation as a composer rests on his Lieder that number about 1500, using texts by some 125 poets.
=648  \0$a19th Century (1801-1900)$1http://www.wikidata.org/entity/Q6955$920935
=650  \0$aTheater history$1http://www.wikidata.org/entity/Q1061140$94607
=650  \0$aMusic history$1http://www.wikidata.org/entity/Q846047$921373
=650  \0$aMusic criticism$1http://www.wikidata.org/entity/Q11748889$921598
=650  \0$aCorrespondence$1http://www.wikidata.org/entity/Q1784733$921392
=651  \0$aParis (France)$1http://www.wikidata.org/entity/Q90$9160
=856  \\$uhttps://opacplus.bsb-muenchen.de/Vta2/bsb10623299/bsb:11750422$3vol. 1
=856  \\$uhttps://reader.digitale-sammlungen.de/de/fs1/object/display/bsb10623300_00007.html$3vol. 2
=856  \\$uhttps://opacplus.bsb-muenchen.de/Vta2/bsb10623301/bsb:11750425$3vol. 3
=942  \\$cBOO
=952  \\$00$10$2ddc$3vol. 1$40$6KTS_1_000000000000000_C2_11_07C38_01$70$8RAR$91502$aORPH$bORPH$cKTS1_C2$d2020-07-08$eKoopman$oKTS1 C2.11 07C38_01$p20138775$r2021-01-12 00:00:00$w2021-01-12$yBOO
=952  \\$00$10$2ddc$3vol. 2$40$6KTS_1_000000000000000_C2_11_07C38_02$70$8RAR$921507$aORPH$bORPH$cKTS1_C2$d2020-07-08$eKoopman$l0$oKTS1 C2.11 07C38_02$p20138776$r2022-05-10 00:00:00$w2021-01-12$yBOO
=952  \\$00$10$2ddc$3vol. 3$40$6KTS_1_000000000000000_C2_11_07C38_03$70$8RAR$921508$aORPH$bORPH$cKTS1_C2$d2020-07-08$eKoopman$l0$oKTS1 C2.11 07C38_03$p20138778$r2022-05-10 00:00:00$w2021-01-12$yBOO
=999  \\$d1502

