=LDR  01512    a2200241   4500
=001  1503
=005  20250925143255.0
=008  220510i19131914|||o||||\c|||\00|\0\fre\d
=041  \\$afre
=100  \\$aLemallier, Georges$4edt$96094
=245  \\$aCatalogue de beaux livres anciens et modernes en tous genres en vente au prix marqués
=260  \\$aParis$bLemallier$c1913-14
=300  \\$a320-352 pages$b10 insterted pages double sided illustated with black & white lithographies
=336  \\$aprinted
=500  \\$a2 volumes in 1, separately paginated, but continuing numeration of books (total of 3206)
=500  \\$aauction catalog in old, repaired binding
=500  \\$aBibliographic list of Incunabula, Books on theology, Belles-lettres, History, Sciences and various arts, Fine arts, illustrated books from the 16th to the 19th century, Music editions, collections of views, lithographs, costumes, beautiful old armorial bindings, Original drawings, Costumes, Travels, Almanacs, Bibliography etc... sold at the bookshop of Georges Lemallier, 25, Rue de Chateaudun, Paris, in 1913-14
=648  \0$a20th Century (1901-2000)$1http://www.wikidata.org/entity/Q6927$920936
=650  \0$aBook$1http://www.wikidata.org/entity/Q571$92285
=650  \0$aBibliography$1http://www.wikidata.org/entity/Q134995$93965
=942  \\$cBOO
=952  \\$00$10$2ddc$40$6KTS_1_000000000000000_C2_19_07C39$70$8RAR$91503$aORPH$bORPH$cKTS1_C2$d2020-07-08$eKoopman$oKTS1 C2.19 07C39$p20138791$r2021-01-12 00:00:00$w2021-01-12$yBOO
=999  \\$d1503

