=LDR  01693aam a2200277   4500
=001  1505
=005  20250925143255.0
=008  220510b\\\\\\\\||||||||\||||\00|\1\dut\d
=041  \\$alat
=041  \\$ager
=100  \\$aTimmermans, Felix$d1886-1947$4aut$1http://www.wikidata.org/entity/Q713284$96096
=100  \\$aVeen, Teun van der$4aut$96097
=245  \\$aAdriaan Brouwer
=260  \\$aAmsterdam$bKampen, van$cs.d.
=300  \\$a235 pages$bloose photograph
=500  \\$aContains a signature and a child picture of Teun van der Veen
=500  \\$aLast novel of Timmermans. Romanticized biography of Adriaen Brouwer, who was born in 1605 in Oudenaarde. This painter and bon vivant had an eventful life, in which his free morals, his adventurous character and his interest in the seamy side of life were central. Timmermans wrote it at the end of WWII (1944) and is brilliant at drawing parallels between the Catholic Spanish occupation in the 17° century and the occupation by Nazi Germany.
=561  \\$aEx libris Teun van der Veen, Zwolle (manuscript)
=600  \0$aBrouwer, Adriaen$d1605-1638$1http://www.wikidata.org/entity/Q364139$924124
=648  \0$a20th Century (1901-2000)$1http://www.wikidata.org/entity/Q6927$920936
=650  \0$aNovel$1http://www.wikidata.org/entity/Q8261$921629
=651  \0$aFlanders (Belgium)$1http://www.wikidata.org/entity/Q234$989
=856  \\$uhttps://www.dbnl.org/tekst/timm010adri01_01/index.php$3Digital Library for Dutch Literature (DBNL)
=942  \\$cBOO
=952  \\$00$10$2ddc$40$6KTS_1_000000000000000_C2_19_07C41$70$8RAR$91505$aORPH$bORPH$cKTS1_C2$d2020-07-08$eKoopman$oKTS1 C2.19 07C41$p20138793$r2021-01-12 00:00:00$w2021-01-12$yBOO
=999  \\$d1505

