=LDR  01272acm a2200253   4500
=001  1506
=008  220802b\\\\\\\\|||||le|\||||\00|\0\ita\d
=041  \\$aita
=059  \\$avn vc bc
=100  \\$aAlbinoni, Tomaso$d1671-1750$4cmp$1http://www.wikidata.org/entity/Q174606$914336
=245  \\$aBalletti a tre, due violini e violoncello col basso continuo op. 3
=260  \\$aAmsterdam$bRoger$c1710
=300  \\$a16-11-11 pages
=500  \\$aOriginally published in 1702
=500  \\$asuites, mainly consisting of Preludio, Allamanda, Corrente, Giga and Sarabanda
=500  \\$aIncomplete. Contains parts for first violin, organ and cello only. The suites are numbered from 17 to 48
=500  \\$aAlbinoni is mentioned as "Diletante Veneto" on title page
=648  \0$a18th Century (1701-1800)$1http://www.wikidata.org/entity/Q7015$920899
=650  \0$aInstrumental music$1http://www.wikidata.org/entity/Q639197$92106
=650  \0$aSuite$1http://www.wikidata.org/entity/Q203005$921718
=856  \\$uhttps://gallica.bnf.fr/view3if/ga/ark:/12148/btv1b90584380$3IIIF
=942  \\$cSCO
=952  \\$00$10$2ddc$40$6KTS_1_000000000000000_C2_32_07D01$70$8RAR$91506$aORPH$bORPH$cKTS1_C2$d2020-07-08$eKoopman$l0$oKTS1 C2.32 07D01$p20139203$r2021-01-12 00:00:00$w2021-01-12$ySCO
=999  \\$d1506

