=LDR  01353acm a2200277   4500
=001  1510
=008  211027b\\\\\\\\\\\||l||\||||\00|\0\eng\d
=041  \\$aeng$afre
=059  \\$apf/hpd
=100  \\$aDezède, Nicolas$d1740?-1792$4cmp$1http://www.wikidata.org/entity/Q3340257$96101
=245  \\$aOverture de Blaise et Babet
=260  \\$aEdinburgh$bCorri$c1783-90
=300  \\$a5 pages
=490  \\$aBlands Harpsichord Collection$vNo. 30 Vol. 3
=500  \\$aPage numbers 297-301
=534  \\$a'Blaise et Babet, ou La suite des trois fermiers' is a comédie mêlée d'ariettes in two acts that premiered in Paris, 1783
=648  \0$a18th Century (1701-1800)$1http://www.wikidata.org/entity/Q7015$920899
=650  \0$aOpéra comique$1http://www.wikidata.org/entity/Q785479$926167
=650  \0$aOverture$1http://www.wikidata.org/entity/Q202287$921591
=650  \0$aArrangement$1http://www.wikidata.org/entity/Q379755$94282
=651  \0$aParis (France)$1http://www.wikidata.org/entity/Q90$9160
=700  \\$aCorri, Domenico$d1746-1825$1http://www.wikidata.org/entity/Q956348$4asn$96099
=773  \\$020493$tAlbum Agatha Home Drummond$w20493
=942  \\$cSCO
=952  \\$00$10$2ddc$40$6KTS_1_000000000000000_C2_31_07D04H$70$8RAR$91510$aORPH$bORPH$cKTS1_C2$d2020-07-08$eKoopman$oKTS1 C2.31 07D04h$p20137512h$r2021-01-12 00:00:00$w2021-01-12$ySCO
=999  \\$d1510

