=LDR  01842    a2200313   4500
=001  1513
=008  211027b\\\\\\\\|||||l||\||||\00|\0\eng\d
=041  \\$aeng
=059  \\$ahpd/pf
=100  \\$aMonsigny, Pierre-Alexandre$d1729-1817$4cmp$1http://www.wikidata.org/entity/Q705124$95419
=245  \\$aOverture to the Deserter, with Tunes for the Harpsichord or Forte Piano
=260  \\$aGlasgow$bAird$cs.d.
=300  \\$a3 pages
=500  \\$aDomenico Corri (1746-1825), a native Roman, moved to Edinburgh in 1771 where he founded a publishing company and led the Vauxhall Pleasure Gardens.
=534  \\$a'Le Déserteur' (The Deserter) is an opéra comique by the French composer Pierre-Alexandre Monsigny with a libretto by Michel-Jean Sedaine. It was first performed on 6 March 1769 by the Comédie-Italienne at their public theatre, the Hôtel de Bourgogne in Paris.
=648  \0$a18th Century (1701-1800)$1http://www.wikidata.org/entity/Q7015$920899
=650  \0$aOpéra comique$1http://www.wikidata.org/entity/Q785479$926167
=650  \0$aOverture$1http://www.wikidata.org/entity/Q202287$921591
=650  \0$aArrangement$1http://www.wikidata.org/entity/Q379755$94282
=650  \0$aHarpsichord$1http://www.wikidata.org/entity/Q81982$92125
=650  \0$aPiano$1http://www.wikidata.org/entity/Q5994$92127
=650  \0$aFreedom$1http://www.wikidata.org/entity/Q310735$923033
=651  \0$aEdinburgh (United Kingdom)$1http://www.wikidata.org/entity/Q23436$925409
=653  \0$acadens$31, 2$020137512e$w07D04e$930106
=700  \\$4arr$aCorri, Domenico$d1746-1825$96099
=773  \\$020493$tAlbum Agatha Home Drummond$w20493
=942  \\$cSCO
=952  \\$00$10$2ddc$40$6KTS_1_000000000000000_C2_31_07D04E$70$8RAR$91513$aORPH$bORPH$cKTS1_C2$d2020-07-08$eKoopman$oKTS1 C2.31 07D04e$p20137512e$r2021-01-12 00:00:00$w2021-01-12$ySCO
=999  \\$d1513

