=LDR  01599    a2200313   4500
=001  1514
=008  211027b\\\\\\\\|||||l||\||||\00|\0\eng\d
=041  \\$aeng
=059  \\$ahpd/pf
=100  \\$aCorri, Domenico$d1746-1825$4cmp$96099
=245  \\$aThree Sonatas for the Harpsichord or Piano Forte Op. 5
=260  \\$aEdinburgh$bCorri$c1780-90
=300  \\$a22 pages 
=500  \\$aDomenico Corri (1746-1825) was a native Roman who in 1771 moved to Edinburgh, where he founded a publishing company, and then moved to London in 1790
=500  \\$aMisleading page numbers: title page, 115-135.
=648  \0$a18th Century (1701-1800)$1http://www.wikidata.org/entity/Q7015$920899
=648  \0$a19th Century (1801-1900)$1http://www.wikidata.org/entity/Q6955$920935
=650  \0$aKeyboard music$1http://www.wikidata.org/entity/Q105715630$921412
=650  \0$aSonata$1http://www.wikidata.org/entity/Q131269$921653
=650  \0$aHarpsichord$1http://www.wikidata.org/entity/Q81982$92125
=650  \0$aPiano$1http://www.wikidata.org/entity/Q5994$92127
=650  \0$aFreedom$1http://www.wikidata.org/entity/Q310735$923033
=651  \0$aEdinburgh (United Kingdom)$1http://www.wikidata.org/entity/Q23436$925409
=653  \0$aboekprijs$3tp$020137512b$w07D04b$929701
=653  \0$acadens$3116, 118, 127, 131, 135$020137512b$w07D04b$930106
=773  \\$020493$tAlbum Agatha Home Drummond$w20493
=942  \\$cSCO
=952  \\$00$10$2ddc$40$6KTS_1_000000000000000_C2_31_07D04B$70$8RAR$91514$aORPH$bORPH$cKTS1_C2$d2020-07-08$eKoopman$oKTS1 C2.31 07D04b$p20137512b$r2021-01-12 00:00:00$w2021-01-12$ySCO
=999  \\$d1514

