=LDR  02985    a2200361   4500
=001  1515
=005  20250923161048.0
=008  211027b\\\\\\\\|||||l||\||||\00|\0\eng\d
=041  \\$aeng
=059  \\$apf/hpd vn
=100  \\$aCorri, Natale$d1765-1822$1http://www.wikidata.org/entity/Q98400395$4cmp$96169
=245  \\$aThree Sonatas, for the Piano Forte or Harpsichord with an Accompanyment for a Violin op. 1
=260  \\$aEdinburgh$bCorri$bSutherland$cs.d.
=300  \\$a33 pages
=501  \\$aBound in with Domenico Corri's 'Three Sonatas for the Harpsichord or Piano Forte op.5', Mazzinghi's 'Overture Virginia', Reeve's 'The Favorite Overture to the popular New Comic Opera of Family Quarrels', Monsigny / Corri's 'Overture to the Deserter', Piccinni's 'Overture to La Schiava adapted for the Harpsichord or Piano Forte', Piccinni's 'Overture to La Buona Figliuola adapted for the Harpsichord or Piano Forte', Dezède's 'Overture de Blaise et Babet', Giardini'S 'The Overture to Astarto for the Harpsichord or Piano Forte', Arne / Corri'S 'The Soldier Tir’d, A Celebrated Song of Dr. Arne’s Arranged as a Lesson for the Harpsichord', Schetky'S 'The Indian Queen, A favorite Strathspey Made into a Rondo for the Piano-Forte', Corri'S 'OBI, The favorite Air of the Spanish Guitar arranged as a Rondo for the Piano Forte', Cramer'S 'Grand March for the Piano Forte or Harp', Latour's 'The Copenhagen Waltz with Variations for the Piano Forte', Holst's 'Barbara, A Favorite Dance arranged as a Rondo for the Piano Forte', Corri / Dussek's 'Original German Waltzen for the Piano Forte or Harpsichord No. I-V', and Onorati / Capuzzi's 'The Favorite Ballet of La Villageoise enlevée ou Les Corsaires'
=590  \\$aMost Respectfully Dedicated to the Right Hon.ble Lady Charlotte Hay
=648  \0$a18th Century (1701-1800)$1http://www.wikidata.org/entity/Q7015$920899
=648  \0$a19th Century (1801-1900)$1http://www.wikidata.org/entity/Q6955$920935
=650  \0$aSonata$1http://www.wikidata.org/entity/Q131269$921653
=650  \0$aKeyboard instrument$1http://www.wikidata.org/entity/Q52954$92849
=650  \0$aPiano$1http://www.wikidata.org/entity/Q5994$92127
=650  \0$aHarpsichord$1http://www.wikidata.org/entity/Q81982$92125
=650  \0$aFreedom$1http://www.wikidata.org/entity/Q310735$923033
=650  \0$aViolin$1http://www.wikidata.org/entity/Q8355$92783
=651  \0$aEdinburgh (United Kingdom)$1http://www.wikidata.org/entity/Q23436$925409
=653  \0$aboekprijs$3tp$020137512a$w07D04a$929701
=653  \0$acadens$32, 7, 10, 12, 21, 27$020137512a$w07D04a$930106
=773  \\$020493$tAlbum Agatha Home Drummond$w20493
=856  \\$uhttps://books.google.be/books?id=ua0vBRZ1CM8C$3Google Books
=942  \\$cSCO
=952  \\$00$10$2ddc$40$6KTS_1_000000000000000_C2_31_07D04A$70$8RAR$91515$aORPH$bORPH$cKTS1_C2$d2020-07-08$eKoopman$oKTS1 C2.31 07D04a$p20137512a$r2021-01-12 00:00:00$w2021-01-12$ySCO
=999  \\$d1515
=533  \\$aDigitized by iGuana, Spring 2025.

