=LDR  01622acm a2200289   4500
=001  1519
=005  20251017091728.0
=008  211027b\\\\\\\\|||||l||\||||\00|\0\eng\d
=041  \\$aeng
=059  \\$apf
=100  \\$aLatour, Jean Théodore$d1766-1837$1http://www.wikidata.org/entity/Q6171596$4cmp$98272
=245  \\$aThe Copenhagen Waltz,$bwith Variations for the Piano Forte
=260  \\$aLondon$bChappell$cs.d.
=300  \\$a5 pages
=500  \\$aJean Théodore Latour (1766–1837) was a French pianist and composer. He wrote several piano sonatinas that have been adapted for early intermediate piano students. His work appears in several books designed for such students. Latour was appointed official pianist to the Prince Regent, later King George IV of the United Kingdom. 
=500  \\$aStamped: "Sold by R. Purdie ... Edinburgh"
=648  \0$a19th Century (1801-1900)$1http://www.wikidata.org/entity/Q6955$920935
=650  \0$aKeyboard music$1http://www.wikidata.org/entity/Q105715630$921412
=650  \0$aPiano$1http://www.wikidata.org/entity/Q5994$92127
=650  \0$aWaltz$1http://www.wikidata.org/entity/Q8701407$922010
=650  \0$aTheme and variations$1http://www.wikidata.org/entity/Q763324$92038
=651  \0$aLondon (United Kingdom)$1http://www.wikidata.org/entity/Q84$9123
=653  \0$aboekprijs$3tp$020137512n$w07D04n$929701
=773  \\$020493$tAlbum Agatha Home Drummond$w20493
=942  \\$cSCO
=952  \\$00$10$2ddc$40$6KTS_1_000000000000000_C2_31_07D04N$70$8RAR$91519$aORPH$bORPH$cKTS1_C2$d2020-07-08$eKoopman$oKTS1 C2.31 07D04n$p20137512n$r2021-01-12 00:00:00$w2021-01-12$ySCO
=999  \\$d1519

