=LDR  01917    a2200361   4500
=001  1520
=008  211027b\\\\\\\\|||||l||\||||\00|\0\eng\d
=041  \\$aeng
=059  \\$ahpd/pf vn
=100  \\$aMazzinghi, Joseph$d1765-1844$4cmp$1http://www.wikidata.org/entity/Q15455408$96106
=245  \\$aVirginia $bOverture
=260  \\$aLondon$bLongman & Broderip$cs.d.
=300  \\$a8 pages
=500  \\$aAdvertised in The Monthly Magazine, 1800
=534  \\$aThe ballet 'Paul et Virginie' by Joseph Mazzinghi (1765-1844), an English composer of Corsican origin, and the choreographer Giacomo Onorati premiered in London, 1795
=590  \\$aNumber of the Opera Overtures adapted for the Harpsichord or Piano Forte with an Accompaniment for a Violin
=648  \0$a18th Century (1701-1800)$1http://www.wikidata.org/entity/Q7015$920899
=650  \0$aBallet$1http://www.wikidata.org/entity/Q41425$94412
=650  \0$aOverture$1http://www.wikidata.org/entity/Q202287$921591
=650  \0$aArrangement$1http://www.wikidata.org/entity/Q379755$94282
=650  \0$aKeyboard instrument$1http://www.wikidata.org/entity/Q52954$92849
=650  \0$aHarpsichord$1http://www.wikidata.org/entity/Q81982$92125
=650  \0$aPiano$1http://www.wikidata.org/entity/Q5994$92127
=650  \0$aFreedom$1http://www.wikidata.org/entity/Q310735$923033
=650  \0$aViolin$1http://www.wikidata.org/entity/Q8355$92783
=651  \0$aLondon (United Kingdom)$1http://www.wikidata.org/entity/Q84$9123
=653  \0$aboekprijs$3tp$020137512c$w07D04c$929701
=653  \0$anotatieproblemen$32$020137512c$w07D04c$935285
=653  \0$afondscatalogus$38$020137512c$w07D04c$931799
=773  \\$020493$tAlbum Agatha Home Drummond$w20493
=942  \\$cSCO
=952  \\$00$10$2ddc$40$6KTS_1_000000000000000_C2_31_07D04C$70$8RAR$91520$aORPH$bORPH$cKTS1_C2$d2020-07-08$eKoopman$oKTS1 C2.31 07D04c$p20137512c$r2021-01-12 00:00:00$w2021-01-12$ySCO
=999  \\$d1520

