=LDR  01541    a2200301   4500
=001  1521
=008  211027q1797\\\\|||||l||\||||\00|\|\eng\d
=041  \\$aeng
=059  \\$apf/hpd
=100  \\$aCappuzzi, Antonio$d1755-1818$1http://www.wikidata.org/entity/Q362907$4cmp$96107
=245  \\$aThe Favorite Ballet of La Villageoise enlevée ou Les Corsaires as Performed at the King's Theatre Haymarket
=260  \\$aLondon$bCorri$bDussek$c1797 [?]
=300  \\$a16 pages
=500  \\$aAdvertised in The Monthly Magazine
=534  \\$aCappuzzi's 'La Villageoise enlevée ou Les Corsaires' premiered in London in 1797
=610  \0$aKing's Theatre (London, United Kingdom)$1http://www.wikidata.org/entity/Q1155331$91409
=648  \0$a18th Century (1701-1800)$1http://www.wikidata.org/entity/Q7015$920899
=650  \0$aBallet$1http://www.wikidata.org/entity/Q41425$94412
=650  \0$aArrangement$1http://www.wikidata.org/entity/Q379755$94282
=651  \0$aLondon (United Kingdom)$1http://www.wikidata.org/entity/Q84$9123
=653  \0$aboekprijs$3tp$020137512q$w07D04q$929701
=653  \0$anotatieproblemen$31, 3, 14$020137512q$w07D04q$935285
=700  \\$aOnorati, Giacomo$dfl. 1794-1808$4chr$96108
=773  \\$020493$tAlbum Agatha Home Drummond$w20493
=856  \\$uhttps://books.google.be/books?id=q0fN3daPKKsC$3Google Books
=942  \\$cSCO
=952  \\$00$10$2ddc$40$6KTS_1_000000000000000_C2_31_07D04Q$70$8RAR$91521$aORPH$bORPH$cKTS1_C2$d2020-07-08$eKoopman$oKTS1 C2.31 07D04q$p20137512q$r2021-01-12 00:00:00$w2021-01-12$ySCO
=999  \\$d1521

