=LDR  01428acm a2200289   4500
=001  1522
=008  211027b\\\\\\\\|||||l||\||||\00|\0\eng\d
=041  \\$aeng
=059  \\$ahpd/pf
=100  \\$aPiccinni, Niccolò$d1728-1800$4cmp$1http://www.wikidata.org/entity/Q310687$95421
=245  \\$aOverture to La buona figliuola$bAdapted for the Harpsichord or Piano Forte
=260  \\$aEdinburgh$bStewart$cs.d.
=300  \\$a5 pages
=534  \\$a'La Buona Figliuola' by Piccinni premiered in Rome, 1760
=648  \0$a18th Century (1701-1800)$1http://www.wikidata.org/entity/Q7015$920899
=650  \0$aOpera buffa$1http://www.wikidata.org/entity/Q208080$926015
=650  \0$aOverture$1http://www.wikidata.org/entity/Q202287$921591
=650  \0$aArrangement$1http://www.wikidata.org/entity/Q379755$94282
=650  \0$aHarpsichord$1http://www.wikidata.org/entity/Q81982$92125
=650  \0$aPiano$1http://www.wikidata.org/entity/Q5994$92127
=650  \0$aFreedom$1http://www.wikidata.org/entity/Q310735$923033
=651  \0$aRome (Italy)$1http://www.wikidata.org/entity/Q220$949
=651  \0$aEdinburgh (United Kingdom)$1http://www.wikidata.org/entity/Q23436$925409
=773  \\$020493$tAlbum Agatha Home Drummond$w20493
=942  \\$cSCO
=952  \\$00$10$2ddc$40$6KTS_1_000000000000000_C2_31_07D04G$70$8RAR$91522$aORPH$bORPH$cKTS1_C2$d2020-07-08$eKoopman$oKTS1 C2.31 07D04g$p20137512g$r2021-01-12 00:00:00$w2021-01-12$ySCO
=999  \\$d1522

