=LDR  01398acm a2200277   4500
=001  1523
=008  211027b\\\\\\\\|||||l||\||||\00|\0\eng\d
=041  \\$aeng
=059  \\$ahpd/pf
=100  \\$aPiccinni, Niccolò$d1728-1800$4cmp$1http://www.wikidata.org/entity/Q310687$95421
=245  \\$aOverture to La schiava$bAdapted for the Harpsichord or Piano Forte
=260  \\$aEdinburgh$bStewart$cs.d.
=534  \\$aPiccinni's 'La schiava seria' premiered in Naples, 1757
=648  \0$a18th Century (1701-1800)$1http://www.wikidata.org/entity/Q7015$920899
=650  \0$aOpera buffa$1http://www.wikidata.org/entity/Q208080$926015
=650  \0$aOverture$1http://www.wikidata.org/entity/Q202287$921591
=650  \0$aArrangement$1http://www.wikidata.org/entity/Q379755$94282
=650  \0$aHarpsichord$1http://www.wikidata.org/entity/Q81982$92125
=650  \0$aPiano$1http://www.wikidata.org/entity/Q5994$92127
=650  \0$aFreedom$1http://www.wikidata.org/entity/Q310735$923033
=651  \0$aNaples (Italy)$1http://www.wikidata.org/entity/Q2634$921
=651  \0$aEdinburgh (United Kingdom)$1http://www.wikidata.org/entity/Q23436$925409
=773  \\$020493$tAlbum Agatha Home Drummond$w20493
=942  \\$cSCO
=952  \\$00$10$2ddc$40$6KTS_1_000000000000000_C2_31_07D04F$70$8RAR$91523$aORPH$bORPH$cKTS1_C2$d2020-07-08$eKoopman$oKTS1 C2.31 07D04f$p20137512f$r2021-01-12 00:00:00$w2021-01-12$ySCO
=999  \\$d1523

