=LDR  01539    a2200301   4500
=001  1524
=008  211027b\\\\\\\\|||||l||\||||\00|\0\eng\d
=041  \\$aeng
=059  \\$apf/hpd
=100  \\$aReeve, William$d1757-1815$1http://www.wikidata.org/entity/Q8017451$4cmp$96109
=245  \\$aThe Favorite Overture to the Popular New Comic Opera of Family Quarrels
=260  \\$aLondon$bs.n.$cs.d.
=300  \\$a8 pages
=534  \\$a'Family Quarrels', on a libretto by Thomas Dibdin, premiered at Covent Garden, London, in 1802
=600  \0$aDibdin, Thomas$d1771-1841$1http://www.wikidata.org/entity/Q683268$95521
=610  \0$aTheatre Royal, Covent Garden (London, United Kingdom)$1http://www.wikidata.org/entity/Q55018$923267
=648  \0$a19th Century (1801-1900)$1http://www.wikidata.org/entity/Q6955$920935
=650  \0$aOpera buffa$1http://www.wikidata.org/entity/Q208080$926015
=650  \0$aOverture$1http://www.wikidata.org/entity/Q202287$921591
=650  \0$aArrangement$1http://www.wikidata.org/entity/Q379755$94282
=651  \0$aLondon (United Kingdom)$1http://www.wikidata.org/entity/Q84$9123
=653  \0$aboekprijs$31$020137512d$w07D04d$929701
=653  \0$acadens$38$020137512d$w07D04d$930106
=653  \0$anotatieproblemen$36$020137512d$w07D04d$935285
=773  \\$020493$tAlbum Agatha Home Drummond$w20493
=942  \\$cSCO
=952  \\$00$10$2ddc$40$6KTS_1_000000000000000_C2_31_07D04D$70$8RAR$91524$aORPH$bORPH$cKTS1_C2$d2020-07-08$eKoopman$oKTS1 C2.31 07D04d$p20137512d$r2021-01-12 00:00:00$w2021-01-12$ySCO
=999  \\$d1524

