=LDR  01509adm a2200313   4500
=001  1528
=003  OI
=005  20250121142102.0
=008  210224b\\\\\\\\be\||l|||||||\00|\0\fre\d
=040  \\$aBF
=041  \\$afre
=059  \\$a2v 2fl tpt timp bc
=100  \\$aGluck, Christoph Willibald$d1714-1787$4cmp$1http://www.wikidata.org/entity/Q130759$96111
=245  \\$aIphigénie et Tauride
=246  \1$aIphigénie en Tauride
=260  \\$c17xx
=300  \\$a211 pages
=500  \\$aPossibly manuscript copy of the full score published by Deslauriers, premiered in Paris, 1779 (see 07D06)
=533  \\$aDigitized by iGuana, Spring 2022
=610  \0$aOpéra (Paris, France)$1http://www.wikidata.org/entity/Q283339$920898
=648  \0$a18th Century (1701-1800)$1http://www.wikidata.org/entity/Q7015$920899
=650  \0$aOpera$1http://www.wikidata.org/entity/Q1344$92468
=651  \0$aParis (France)$1http://www.wikidata.org/entity/Q90$9160
=700  \\$4lbt$aGuillard, Nicolas François$d1752-1814$eLibrettist$1http://www.wikidata.org/entity/Q3339962$94760
=856  \\$uhttps://uv-v4.netlify.app/#?manifest=https://sharedcanvas.be/IIIF/manifests/15a5a471-497d-11ed-8eb8-cf9d2213a975$3IIIF
=856  \\$uhttps://sharedcanvas.be/IIIF/manifests/15a5a471-497d-11ed-8eb8-cf9d2213a975$3IIIF manifest
=942  \\$cMS
=952  \\$00$10$2ddc$40$6KTS_1_000000000000000_C2_32_07D07$70$8RAR$91528$aORPH$bORPH$cKTS1_C2$d2020-07-08$eKoopman$oKTS1 C2.32 07D07$p20136128$r2021-01-12 00:00:00$w2021-01-12$yMS
=999  \\$d1528

