=LDR  01007acm a2200229   4500
=001  1530
=008  220804s1745\\\\|||||l||\||||\00|\0\eng\d
=041  \\$aeng
=059  \\$ahpd
=100  \\$aGreene, Maurice$d1696-1755$4cmp$1http://www.wikidata.org/entity/Q615819$96113
=245  \\$aSix Overtures for the Harpsichord or Spinnet
=250  \\$a1st ed.
=260  \\$aLondon$bWalsh$c1745
=300  \\$a33 pages
=648  \0$a18th Century (1701-1800)$1http://www.wikidata.org/entity/Q7015$920899
=650  \0$aInstrumental music$1http://www.wikidata.org/entity/Q639197$92106
=650  \0$aKeyboard music$1http://www.wikidata.org/entity/Q105715630$921412
=650  \0$aOverture$1http://www.wikidata.org/entity/Q202287$921591
=651  \0$aLondon (United Kingdom)$1http://www.wikidata.org/entity/Q84$9123
=942  \\$cSCO
=952  \\$00$10$2ddc$40$6KTS_1_000000000000000_C2_32_07D10$70$8RAR$91530$aORPH$bORPH$cKTS1_C2$d2020-07-08$eKoopman$l0$oKTS1 C2.32 07D10$p20139207$r2021-01-12 00:00:00$w2021-01-12$ySCO
=999  \\$d1530

