=LDR  01586acm a2200313   4500
=001  1531
=008  210401q1811\\\\\\\||a||\||||\00|\\\fre\d
=041  \\$afre
=059  \\$aS A T B 2fl ob bsn 2tpt 2hrn 2vn vla bc
=100  \\$aGluck, Christoph Willibald$d1714-1787$4cmp$1http://www.wikidata.org/entity/Q130759$96111
=240  \\$aOrphée et Eurydice Wq. 41
=245  \\$aOrphée et Euridice, tragédie.$bOpéra en trois actes
=260  \\$aParis$bBoieldieu$c1811 [?]
=300  \\$a217 pages
=500  \\$aContains markings in different hands, red and pensil, as well as ink stains.
=534  \\$aPremiered in Paris, 1774
=561  \\$aEx libris Henry De Loose (manuscript)
=561  \\$aEx libris Rodolphe Plaumedon(?) (manuscript)
=610  \0$aOpéra (Paris, France)$1http://www.wikidata.org/entity/Q283339$920898
=648  \0$a18th Century (1701-1800)$1http://www.wikidata.org/entity/Q7015$920899
=650  \0$aVocal music$1http://www.wikidata.org/entity/Q685884$93319
=650  \0$aOpera$1http://www.wikidata.org/entity/Q1344$92468
=650  \0$aBallet$1http://www.wikidata.org/entity/Q41425$94412
=700  \\$4lbt$aCalzabigi, Ranieri de'$d1714-1795$1http://www.wikidata.org/entity/Q1310912$911158
=700  \\$4lbt$aMoline, Pierre Louis$dc. 1740-1821$1http://www.wikidata.org/entity/Q374622$96115
=856  4\$uhttp://img.kb.dk/ma/gluck/gluck_orpheus_1.pdf
=942  \\$cSCO
=952  \\$00$10$2ddc$40$6KTS_1_000000000000000_C2_32_07D11$70$8RAR$91531$aORPH$bORPH$cKTS1_C2$d2020-07-08$eKoopman$l0$oKTS1 C2.32 07D11$p20139208$r2021-01-12 00:00:00$w2021-01-12$ySCO
=999  \\$d1531

