=LDR  03404acm a2200385   4500
=001  1538
=005  20250923161048.0
=008  220610s1808\\\\|||||le|\||||\00|\0\ger\d
=041  \\$afre
=059  \\$a2vn vla vc
=100  \\$aBeethoven, Ludwig van$d1770-1827$1http://www.wikidata.org/entity/Q255$95335
=240  \\$aop. 43
=245  \\$aQuatuors du ballet intitulé Die Geschöpfe des Prometheus$bcomposé & arrangé pour 2 violons, viola & basse. Oeuvre IX
=260  \\$aBerlin$bHummel$c1808
=300  \\$a4 parts (14 +13 +13 + 11 pages)
=500  \\$aThe Creatures of Prometheus op. 43 is a ballet by Ludwig van Beethoven and Salvatore Viganò (libretto and choreography). The first performance took place on 28 March 1801 at the Vienna Hofburg Theatre as a benefit performance for prima ballerina Maria Cassentini, who also danced the leading female role. 
=500  \\$aArrangement for string quartet probably by Franz Alexander Pössinger (1766–1827), an Austrian violinist, composer and arranger, and a contemporary and friend of Beethoven. Pössinger's works for string quartet illustrate in a fascinating way the role of chamber music in canon formation, music publishing and listening culture in early 19th century Europe. The collection of the Beethoven Haus Bonn includes a letter from Beethoven's younger brother Kaspar Karl, who gives Pössinger permission to arrange Beethoven's op. 43 ("The Creatures of Prometheus") for string quartet.

=500  \\$aThis edition, edited by J.J. Hummel, Berlin, has Plate number 1307
Artaria et Comp. Wien, also published in 1803 a version for string quartet "Quatuors pour deux Violons, Viole et Basse tirés du Ballet intitulé Die Geschöphe [sic!] des Prometeus (PlattenNr. 1620), likewise without mentioning the arranger's name.
=500  \\$acontains some pensil remarks
=504  \\$aBeethoven, Briefwechsel 1, S. 178
=561  \\$aC.P.A. Heijmans (stamp)
=648  \0$a19th Century (1801-1900)$1http://www.wikidata.org/entity/Q6955$920935
=650  \0$aString quartet$1http://www.wikidata.org/entity/Q207338$94110
=650  \0$aBallet$1http://www.wikidata.org/entity/Q41425$94412
=650  \0$aArrangement$1http://www.wikidata.org/entity/Q379755$94282
=651  \0$aGermany$1http://www.wikidata.org/entity/Q183$9155
=700  \\$4arr$aPössinger, Franz Alexander$d1766-1827$1http://www.wikidata.org/entity/Q1670678$924580
=856  \\$uhttps://drive.google.com/drive/folders/1wxPZpu5fgx75TPNdka-jKEt4Q51vjl7_?usp=drive_link$3Koopman Digital
=942  \\$cSCO
=952  \\$00$10$2ddc$3violino primo$40$6KTS_1_000000000000000_C2_32_07D18A$70$8RAR$91538$aORPH$bORPH$cKTS1_C2$d2020-07-08$eKoopman$oKTS1 C2.32 07D18a$p20139211$r2021-01-12 00:00:00$w2021-01-12$ySCO
=952  \\$00$10$2ddc$3violino secondo$40$6KTS_1_000000000000000_C2_32_07D18B$70$8RAR$921641$aORPH$bORPH$cKTS1_C2$d2020-07-08$eKoopman$l0$oKTS1 C2.32 07D18b$p20139212$r2021-01-12 00:00:00$w2021-01-12$ySCO
=952  \\$00$10$2ddc$3viola$40$6KTS_1_000000000000000_C2_32_07D18C$70$8RAR$921642$aORPH$bORPH$cKTS1_C2$d2020-07-08$eKoopman$l0$oKTS1 C2.32 07D18c$p20139213$r2021-01-12 00:00:00$w2021-01-12$ySCO
=952  \\$00$10$2ddc$3violoncello$40$6KTS_1_000000000000000_C2_32_07D18D$70$8RAR$921643$aORPH$bORPH$cKTS1_C2$d2020-07-08$eKoopman$l0$oKTS1 C2.32 07D18d$p20139214$r2021-01-12 00:00:00$w2021-01-12$ySCO
=999  \\$d1538
=533  \\$aDigitized by iGuana, Spring 2025.

