=LDR  00876acm a2200193   4500
=001  1539
=008  220804b\\\\\\\\|||||l||\||||\00|\0\fre\d
=041  \\$afre
=059  \\$ahpd/pf 4h
=100  \\$aBeethoven, Ludwig van$d1770-1827$4cmp$1http://www.wikidata.org/entity/Q255$95335
=245  \\$aSonate à quatre mains pour le Clavecin ou Forté-Piano$bop.6
=260  \\$as.l.$c[1797 or later]
=500  \\$aOriginally published in 1797 by Artaria
=648  \0$a18th Century (1701-1800)$1http://www.wikidata.org/entity/Q7015$920899
=650  \0$aInstrumental music$1http://www.wikidata.org/entity/Q639197$92106
=650  \0$aSonata$1http://www.wikidata.org/entity/Q131269$921653
=942  \\$cMS
=952  \\$00$10$2ddc$40$6KTS_1_000000000000000_C2_32_07D19$70$8RAR$91539$aORPH$bORPH$cKTS1_C2$d2020-07-08$eKoopman$l0$oKTS1 C2.32 07D19$p20139216$r2021-01-12 00:00:00$w2021-01-12$yMS
=999  \\$d1539

