=LDR  01644acm a2200277   4500
=001  1540
=008  220804s1813\\\\|||||l||\||||\00|\0\fre\d
=041  \\$afre
=059  \\$avn
=100  \\$aBerckenhoff, Theodorus Albertus$d1751-1814$4cmp$96119
=245  \\$aJo vivat avec 12 variations pour le violon
=260  \\$aLeiden$bs.n.$c1813
=300  \\$a7 pages
=500  \\$aTheodorus Berckenhoff was an violonist and a freemason who made a name with the arrangement of this students' song
=500  \\$aThe Io vivat is a well-known student song in the Netherlands and Belgium. The Io vivat originated in Leiden during the Batavian Republic. The song is included in many student almanacs and songbooks, especially in the 19th century. Numerous Universities sing the song at the opening of the academic year. Many other song texts have been written to the melody. 
=561  \\$aEx libris E. Geelen (manuscript)
=590  \\$aDédiés aux Etudiants de l'Université de Leiden
=648  \0$a19th Century (1801-1900)$1http://www.wikidata.org/entity/Q6955$920935
=650  \0$aInstrumental music$1http://www.wikidata.org/entity/Q639197$92106
=650  \0$aSong$1http://www.wikidata.org/entity/Q7366$94164
=650  \0$aTheme and variations$1http://www.wikidata.org/entity/Q763324$92038
=650  \0$aArrangement$1http://www.wikidata.org/entity/Q379755$94282
=651  \0$aLeiden (Netherlands)$1http://www.wikidata.org/entity/Q43631$978
=942  \\$cSCO
=952  \\$00$10$2ddc$40$6KTS_1_000000000000000_C2_32_07D20$70$8RAR$91540$aORPH$bORPH$cKTS1_C2$d2020-07-08$eKoopman$l0$oKTS1 C2.32 07D20$p20139215$r2021-01-12 00:00:00$w2021-01-12$ySCO
=999  \\$d1540

