=LDR  01205acm a2200241   4500
=001  1541
=008  220804b\\\\\\\\|||||l||\||||\00|\0\fre\d
=041  \\$afre
=059  \\$apf
=100  \\$aBertini, Henri Jérôme $d1798-1876$4cmp$1http://www.wikidata.org/entity/Q1337541$96120
=245  \\$a25 Études préparatoires composées pour le piano $bop. 175
=260  \\$aParis$bSchonenberger$c18xx
=300  \\$a[i]-43-[1] pages
=490  \\$aNouvelles Études de piano classées progressivement$vvol.3
=561  \\$aEx libris W. Wiegant (manuscript)
=648  \0$a19th Century (1801-1900)$1http://www.wikidata.org/entity/Q6955$920935
=650  \0$aInstrumental music$1http://www.wikidata.org/entity/Q639197$92106
=650  \0$aMusic education$1http://www.wikidata.org/entity/Q27908$921766
=651  \0$aParis (France)$1http://www.wikidata.org/entity/Q90$9160
=856  \\$uhttps://imslp.org/wiki/25_Etudes_pr%C3%A9paratoires%2C_Op.175_(Bertini%2C_Henri)$3International Music Score Library Project
=942  \\$cSCO
=952  \\$00$10$2ddc$40$6KTS_1_000000000000000_C2_32_07D21$70$8RAR$91541$aORPH$bORPH$cKTS1_C2$d2020-07-08$eKoopman$l0$oKTS1 C2.32 07D21$p20139246$r2021-01-12 00:00:00$w2021-01-12$ySCO
=999  \\$d1541

