=LDR  01556acm a2200265   4500
=001  1542
=008  220804s1747\\\\|||||le|\||||\00|\0\eng\d
=041  \\$aeng
=059  \\$a2vn bc vc
=100  \\$aBoyce, William$d1711-1779$4cmp$1http://www.wikidata.org/entity/Q313152$96244
=245  \\$a12 Sonatas for 2 Violins; with a Bass for the Violoncello or Harpsichord
=260  \\$aLondon$bWalsh$c1747
=300  \\$a3 parts (34 +34 + 30 pages)
=500  \\$aComplete parts
=500  \\$aprinting license dates from 10 April 1745
=648  \0$a18th Century (1701-1800)$1http://www.wikidata.org/entity/Q7015$920899
=650  \0$aInstrumental music$1http://www.wikidata.org/entity/Q639197$92106
=650  \0$aSonata$1http://www.wikidata.org/entity/Q131269$921653
=651  \0$aLondon (United Kingdom)$1http://www.wikidata.org/entity/Q84$9123
=856  \\$uhttps://books.google.be/books?id=1w03AQAAIAAJ$3Google Books
=942  \\$cSCO
=952  \\$00$10$2ddc$3violino primo$40$6KTS_1_000000000000000_C2_32_07D22A$70$8RAR$91542$aORPH$bORPH$cKTS1_C2$d2020-07-08$eKoopman$l0$oKTS1 C2.32 07D22a$p20139243$r2021-01-12 00:00:00$w2021-01-12$ySCO
=952  \\$00$10$2ddc$3violino secondo$40$6KTS_1_000000000000000_C2_32_07D22B$70$8RAR$921670$aORPH$bORPH$cKTS1_C2$d2020-07-08$eKoopman$l0$oKTS1 C2.32 07D22b$p20139244$r2021-01-12 00:00:00$w2021-01-12$ySCO
=952  \\$00$10$2ddc$3basso e violoncello$40$6KTS_1_000000000000000_C2_32_07D22C$70$8RAR$921672$aORPH$bORPH$cKTS1_C2$d2020-07-08$eKoopman$l0$oKTS1 C2.32 07D22c$p20139245$r2021-01-12 00:00:00$w2021-01-12$ySCO
=999  \\$d1542

