=LDR  02068adm a2200325   4500
=001  1545
=005  20250923161048.0
=008  210319b\\\\\\\\\\\|||||\||||\00|\0\ita\d
=041  \\$aita
=059  \\$atpt/fl kbd
=100  \\$aDonizetti, Gaetano$d1797-1848$4cmp$1http://www.wikidata.org/entity/Q101698$96715
=245  \\$aNel Fior degli anni miei.$bCavatina Ridotta Per Clarino o Flauto Nell'Ajo nell'Inbarazzo; [Compositional exercises]
=260  \\$as.l.$cafter 1824
=300  \\$a46 pages
=500  \\$aManuscript copy of a published version whose imprint was crossed out on the title page? The score breaks off after the Andante on page 1, after which starts a 'Valtz' on the verso of which is a poem in pencil, followed by further miscellanous fragments, parts and exercises, a page of Basso from Donizetti's cantata, clarino parts from 'L'Italia in Sibberia [?]', 'Finale dell'Istessa Opera', scales, etc.
=533  \\$aDigitized by iGuana, Spring 2022
=534  \\$aDonizetti's 'L'ajo nell'imbarazzo' premiered in Rome, 4 February 1824; it was later renamed 'Don Gregorio'
=590  \\$aM° Donizetti
=648  \0$a19th Century (1801-1900)$1http://www.wikidata.org/entity/Q6955$920935
=650  \0$aCantata$1http://www.wikidata.org/entity/Q174873$921603
=650  \0$aKeyboard music$1http://www.wikidata.org/entity/Q105715630$921412
=650  \0$aWaltz$1http://www.wikidata.org/entity/Q8701407$922010
=700  \\$4col$aBiagiotti, Luca$dfl. early 19th century$96122
=773  \\$019890$t[Viterbo Collection]$w19890
=856  \\$uhttps://uv-v4.netlify.app/#?manifest=https://sharedcanvas.be/IIIF/manifests/15a5a2d7-497d-11ed-8eb8-fb0d76403cd0$3Orpheus Instituut - Shared Canvas viewer
=856  \\$uhttps://sharedcanvas.be/IIIF/manifests/15a5a2d7-497d-11ed-8eb8-fb0d76403cd0$3IIIF manifest
=942  \\$cMS
=952  \\$00$10$2ddc$40$6KTS_1_000000000000000_C2_32_07D27A$70$8RAR$91545$aORPH$bORPH$cKTS1_C2$d2020-07-08$eKoopman$l0$oKTS1 C2.32 07D27a$p20136114a$r2021-01-12 00:00:00$w2021-01-12$yMS
=999  \\$d1545
=533  \\$aDigitized by iGuana, Spring 2025.

