=LDR  01674adm a2200313   4500
=001  1546
=008  210319n\\\\\\\\\\\||l|||||||\00|\0\ita\d
=041  \\$aita
=059  \\$apf org
=100  \\$aCardon$4cmp$96123
=245  \\$aPostcomunio a piano-forte,$bricavata da una sonata di arpa di Monsieur Cardon
=260  \\$as.l.$cs.d.
=300  \\$a4 pages
=500  \\$aRequires an organ on the first page: "N.B. Dove dice forte si metto il Pieno all'Organo, e dal Piano, o il Flauto Solo, ovvero Principale, Ottava, e Cornetti, oppure Principale, Decima quinta, e Flauto"
=533  \\$aDigitized by iGuana, Spring 2022
=650  \0$aSonata$1http://www.wikidata.org/entity/Q131269$921653
=650  \0$aPiano$1http://www.wikidata.org/entity/Q5994$92127
=650  \0$aOrgan$1http://www.wikidata.org/entity/Q1444$92810
=650  \0$aOrgan registration$1http://www.wikidata.org/entity/Q7309439$923402
=650  \0$aArrangement$1http://www.wikidata.org/entity/Q379755$94282
=650  \0$aChurch music$1http://www.wikidata.org/entity/Q8812109$92283
=651  \0$aItaly$1http://www.wikidata.org/entity/Q38$922
=700  \\$4arr$aBiagiotti, Luca$dfl. early 19th century$96122
=773  \\$019890$t[Viterbo Collection]$w19890
=856  \\$uhttps://uv-v4.netlify.app/#?manifest=https://sharedcanvas.be/IIIF/manifests/15a5dda2-497d-11ed-8eb8-d5735dde38c6$3IIIF
=856  \\$uhttps://sharedcanvas.be/IIIF/manifests/15a5dda2-497d-11ed-8eb8-d5735dde38c6$3IIIF manifest
=942  \\$cMS
=952  \\$00$10$2ddc$40$6KTS_1_000000000000000_C2_32_07D27G$70$8RAR$91546$aORPH$bORPH$cKTS1_C2$d2020-07-08$eKoopman$l0$oKTS1 C2.32 07D27g$p20136114g$r2021-01-12 00:00:00$w2021-01-12$yMS
=999  \\$d1546

