=LDR  02249adm a2200385   4500
=001  1547
=005  20251031163237.0
=008  210319s1802\\\\\\\||l|||||||\00|\0\ita\d
=041  \\$aita
=059  \\$aorg/pf
=100  \\$aBiagiotti, Luca$dfl. early 19th century$4cmp$96122
=245  \\$a[Keyboard pieces]
=260  \\$as.l.$c1802
=300  \\$a140 pages
=500  \\$aMostly piano and organ works for use in the church, witness recurrent titles such as 'Elevazione', 'Postcommunio' and 'Offertorio'. Other works are titled 'Sonata', 'Toccata', 'Minuè' and 'Rondo', which neither excludes them from being used in liturgical contexts (as epistle sonatas). Some organ pieces mention registration (e.g., 'Pieno', 'Flauto', 'Ottava'
=500  \\$aFirst leaf contains numerous words around the word 'Saudatto'
=500  \\$aThe word 'Originale' on various leaves may allude to autographs.
=500  \\$aThe composer is named 'Abbate' in at least one instance
=533  \\$aDigitized by iGuana, Spring 2022
=648  \0$a19th Century (1801-1900)$1http://www.wikidata.org/entity/Q6955$920935
=650  \0$aKeyboard music$1http://www.wikidata.org/entity/Q105715630$921412
=650  \0$aOrgan music$1http://www.wikidata.org/entity/Q2003283$91951
=650  \0$aChurch music$1http://www.wikidata.org/entity/Q8812109$92283
=650  \0$aBasso continuo$1http://www.wikidata.org/entity/Q724321$921065
=650  \0$aSonata$1http://www.wikidata.org/entity/Q131269$921653
=650  \0$aRondo$1http://www.wikidata.org/entity/Q13323$924049
=650  \0$aOrgan$1http://www.wikidata.org/entity/Q1444$92810
=650  \0$aOrgan registration$1http://www.wikidata.org/entity/Q7309439$923402
=651  \0$aItaly$1http://www.wikidata.org/entity/Q38$922
=773  \\$019890$t[Viterbo Collection]$w19890
=856  \\$uhttps://uv-v4.netlify.app/#?manifest=https://sharedcanvas.be/IIIF/manifests/70aea55a-4a20-11ed-b783-823947e8bea2$3IIIF
=856  \\$uhttps://sharedcanvas.be/IIIF/manifests/70aea55a-4a20-11ed-b783-823947e8bea2$3IIIF manifest
=942  \\$cMS
=952  \\$00$10$2ddc$40$6KTS_1_000000000000000_C2_32_07D27D$70$8RAR$921803$aORPH$bORPH$cKTS1_C2$d2020-07-08$eKoopman$l0$oKTS1 C2.32 07D27d$p20136114d$r2021-01-12 00:00:00$w2021-01-12$yMS
=999  \\$d1547

