=LDR  01687ada a2200301   4500
=001  1548
=008  210319n\\\\\\\\\\\||l|||||||\00|\0\ita\d
=041  \\$aita
=059  \\$afl bc
=100  \\$aHandel, George Frideric$d1685-1759$4cmp$1http://www.wikidata.org/entity/Q7302$94765
=245  \\$aSinfonie per Flauto, e Cimbalo
=260  \\$as.l.$cs.d.
=300  \\$a8 pages
=500  \\$aEighteenth-century manuscript, cf. orthography of Handel's name?
=500  \\$aWhich composition? The first, complete 'sinfonia' is in D Major and has the following movements: Grave - Allegro - Grave - Allegro. It is definitely not the Flute sonata in D, HWV 378. The second work in C major has a Largo, Allegro and Grave that breaks off after twenty bars.
=533  \\$aDigitized by iGuana, Spring 2022
=590  \\$adel Sig:r Hendel
=648  \0$a18th Century (1701-1800)$1http://www.wikidata.org/entity/Q7015$920899
=650  \0$aSonata$1http://www.wikidata.org/entity/Q131269$921653
=650  \0$aFlute$1http://www.wikidata.org/entity/Q11405$921276
=650  \0$aBasso continuo$1http://www.wikidata.org/entity/Q724321$921065
=700  \\$4arr$aBiagiotti, Luca$dfl. early 19th century$96122
=773  \\$019890$t[Viterbo Collection]$w19890
=856  \\$uhttps://uv-v4.netlify.app/#?manifest=https://sharedcanvas.be/IIIF/manifests/70aeb7d4-4a20-11ed-b783-8e9e9ded464c$3IIIF
=856  \\$uhttps://sharedcanvas.be/IIIF/manifests/70aeb7d4-4a20-11ed-b783-8e9e9ded464c$3IIIF manifest
=942  \\$cMS
=952  \\$00$10$2ddc$40$6KTS_1_000000000000000_C2_32_07D27B$70$8RAR$921802$aORPH$bORPH$cKTS1_C2$d2020-07-08$eKoopman$l0$oKTS1 C2.32 07D27b$p20136114b$r2021-01-12 00:00:00$w2021-01-12$yMS
=999  \\$d1548

