=LDR  01280adm a2200265   4500
=001  1549
=008  210319b\\\\\\\\\\\||l|||||||\00|\0\ita\d
=041  \\$aita
=059  \\$akbd
=100  \\$aHandel, George Frideric$d1685-1759$4cmp$1http://www.wikidata.org/entity/Q7302$94765
=245  \\$aSonata
=260  \\$as.l.$cs.d.
=300  \\$a3 pages
=500  \\$aWhich composition by Handel? A Sonata in B flat major in two movements: Allegro (fugato) and Gavotta. Derived from an overture?
=533  \\$aDigitized by iGuana, Spring 2022
=590  \\$adi Mr. Handel
=648  \0$a18th Century (1701-1800)$1http://www.wikidata.org/entity/Q7015$920899
=650  \0$aSonata$1http://www.wikidata.org/entity/Q131269$921653
=700  \\$4arr$aBiagiotti, Luca$dfl. early 19th century$96122
=773  \\$019890$t[Viterbo Collection]$w19890
=856  \\$uhttps://uv-v4.netlify.app/#?manifest=https://sharedcanvas.be/IIIF/manifests/70aebb12-4a20-11ed-b783-ecd790031465$3IIIF
=856  \\$uhttps://sharedcanvas.be/IIIF/manifests/70aebb12-4a20-11ed-b783-ecd790031465$3IIIF manifest
=942  \\$cMS
=952  \\$00$10$2ddc$40$6KTS_1_000000000000000_C2_32_07D27C$70$8RAR$91549$aORPH$bORPH$cKTS1_C2$d2020-07-08$eKoopman$l0$oKTS1 C2.32 07D27c$p20136114c$r2021-01-12 00:00:00$w2021-01-12$yMS
=999  \\$d1549

