=LDR  01252ada a2200265   4500
=001  1550
=008  210319n\\\\\\\\\\\||l|||||||\00|\0\itadd
=041  \\$aita
=100  \\$aMattei, Stanislao$d1750-1825$4cmp$1http://www.wikidata.org/entity/Q434726$96125
=245  \\$aBassi
=260  \\$as.l.$cs.d.
=300  \\$a18 pages
=500  \\$aSixteen figured bass lines, used in teachings by Mattei in Bologna?
=533  \\$aDigitized by iGuana, Spring 2022
=590  \\$adel P:e M:o Mattei
=648  \0$a18th Century (1701-1800)$1http://www.wikidata.org/entity/Q7015$920899
=650  \0$aBasso continuo$1http://www.wikidata.org/entity/Q724321$921065
=650  \0$aEducation$926206
=651  \0$aBologna (Italy)$1http://www.wikidata.org/entity/Q1891$921973
=773  \\$019890$t[Viterbo Collection]$w19890
=856  \\$uhttps://uv-v4.netlify.app/#?manifest=https://sharedcanvas.be/IIIF/manifests/15a58211-497d-11ed-8eb8-986596a697e8$3IIIF
=856  \\$uhttps://sharedcanvas.be/IIIF/manifests/15a58211-497d-11ed-8eb8-986596a697e8$3IIIF manifest
=942  \\$cMS
=952  \\$00$10$2ddc$40$6KTS_1_000000000000000_C2_32_07D27F$70$8RAR$91550$aORPH$bORPH$cKTS1_C2$d2020-07-08$eKoopman$l0$oKTS1 C2.32 07D27f$p20136114f$r2021-01-12 00:00:00$w2021-01-12$yMS
=999  \\$d1550

