=LDR  02311acm a2200325   4500
=001  1554
=008  210319q1770\\\\\\\||l||\||||\00|\0\ita\d
=041  \\$aita
=059  \\$avn hpd/pf
=100  \\$aPanerai, Vincenzo$dc. 1750-c. 1790$4cmp$1http://www.wikidata.org/entity/Q27999342$95303
=245  \\$aSuonata terza$bPer Violino, e Cimbalo a piano-forte
=260  \\$aFlorence$bBonini$cc. 1770
=300  \\$a4 pages
=500  \\$aVery little is known about Vincenzo Panerai (1750-1790), other than that he studied composition alongside Luigi Cherubini in Florence. Cherubini is known to have praised the performance of Panerai's music in the latter city in the 1770s. A teacher and author of several didactic works (see 03I10), Panerai published one of the few fingering tables for flute surviving from Italy during the second of the eighteenth century.
=500  \\$aThe work is an excerpt from a larger collection, see the statement 'Continovazione dell'Opera' above the first movement, Maestoso espressivo
=533  \\$aDigitized by iGuana, Spring 2022
=590  \\$aComposta in maniera da eseguirsi ancora a Cimbalo solo, senza che perda del suo spirito, e Dedicata Alla Nobil Donna L'Ill.ma Signora Maria Agnese Gondi Nata Anforti Dilettante dall'Ab.e Vincenzio Panerai Maestro di Cappella Fiorentino
=648  \0$a18th Century (1701-1800)$1http://www.wikidata.org/entity/Q7015$920899
=650  \0$aSonata$1http://www.wikidata.org/entity/Q131269$921653
=650  \0$aViolin$1http://www.wikidata.org/entity/Q8355$92783
=650  \0$aHarpsichord$1http://www.wikidata.org/entity/Q81982$92125
=650  \0$aPiano$1http://www.wikidata.org/entity/Q5994$92127
=650  \0$aFreedom$1http://www.wikidata.org/entity/Q310735$923033
=651  \0$aFlorence (Italy)$1http://www.wikidata.org/entity/Q2044$9248
=773  \\$019890$t[Viterbo Collection]$w19890
=856  \\$uhttps://uv-v4.netlify.app/#?manifest=https://sharedcanvas.be/IIIF/manifests/15a5da8a-497d-11ed-8eb8-fd33ddd767d2$3IIIF
=856  \\$uhttps://sharedcanvas.be/IIIF/manifests/15a5da8a-497d-11ed-8eb8-fd33ddd767d2$3IIIF manifest
=942  \\$cMS
=952  \\$00$10$2ddc$40$6KTS_1_000000000000000_C2_32_07D27E$70$8RAR$91554$aORPH$bORPH$cKTS1_C2$d2020-07-08$eKoopman$l0$oKTS1 C2.32 07D27e$p20136114e$r2021-01-12 00:00:00$w2021-01-12$yMS
=999  \\$d1554

