=LDR  01405aam a2200253   4500
=001  1556
=008  210514s1562\\\\\\\|||||\||||\00|\0\ita\d
=041  \\$aita
=100  \\$aZarlino, Gioseffo$d1517-1590$4aut$1http://www.wikidata.org/entity/Q365805$916065
=245  \\$aLe istitutioni harmoniche
=250  \\$a2nd ed.
=260  \\$aVenice$bSenese$c1562
=300  \\$a[x]-347 pages
=500  \\$aDedicated to Vincenzo Diedo, Patriarch of Venice
=534  \\$aOriginally published in 1558
=563  \\$aLeather binding, probably 18th-century
=590  \\$adel Reverendo M. Gioseffo Zarlino da Chioggia; Nelle quali; oltre le materie appartenenti alla musica; Si trovano dichiarati molti luoghi di Poeti, d'Historici, & di Filosofi; Si come nel leggerle si potrà chiaramente vedere. ... Con privilegio dell'Illustriss. Signoria di Venetia, per anni X
=648  \0$a16th Century (1501-1600)$1http://www.wikidata.org/entity/Q7017$920944
=650  \0$aMusic theory$1http://www.wikidata.org/entity/Q193544$92662
=651  \0$aItaly$1http://www.wikidata.org/entity/Q38$922
=856  \\$uhttps://imslp.org/wiki/Le_Istitutioni_Harmoniche_(Zarlino%2C_Gioseffo)$3International Music Score Library Project
=942  \\$cBOO
=952  \\$00$10$2ddc$40$6KTS_1_000000000000000_C2_32_07D28$70$8RAR$91556$aORPH$bORPH$cKTS1_C2$d2020-07-08$eKoopman$l0$oKTS1 C2.32 07D28$p20136458$r2021-01-12 00:00:00$w2021-01-12$yBOO
=999  \\$d1556

