=LDR  02301acm a2200289   4500
=001  1557
=005  20250121142103.0
=008  210401r17771767\\\||a||\||||\00|\0\fre\d
=041  \\$afre$hita
=100  \\$aGluck, Christoph Willibald$d1714-1787$4cmp$1http://www.wikidata.org/entity/Q130759$96111
=245  \\$aAlceste.$bTragédie-opéra en trois actes
=260  \\$aParis$aLyon$bBureau d'Abonnement Musical$bCastaud$c[1777]
=300  \\$a[i]-293 pages
=500  \\$aAlceste, Wq. 37 (the later French version is Wq. 44), is an opera by Christoph Willibald Gluck from 1767. The libretto (in Italian) was written by Ranieri de' Calzabigi and based on the play Alcestis by Euripides. The premiere of the Italian version took place on 26 December 1767 at the Burgtheater in Vienna.
=500  \\$aGluck recomposed and lengthened Alceste to a French libretto by François-Louis Gand Le Bland Du Roullet for performances at the Paris Opera, retaining the three-act structure. Hercules was added as a pivotal character in Act III, as was a scene at the Gates of Hell. With the presentations in Paris, Alceste became an essentially new work, the translation from Italian to French necessitating several changes in the musical declamation of text, and certain scenes significantly reorganized to new or altered music.
=534  \\$aFrench version premiered at the Académie royale de musique, Paris, 1776
=610  \0$aOpéra-Comique (Paris, France)$1http://www.wikidata.org/entity/Q872222$920953
=648  \0$a18th Century (1701-1800)$1http://www.wikidata.org/entity/Q7015$920899
=650  \0$aVocal music$1http://www.wikidata.org/entity/Q685884$93319
=650  \0$aOpera$1http://www.wikidata.org/entity/Q1344$92468
=651  \0$aFrance$1http://www.wikidata.org/entity/Q142$9131
=700  \\$4lbt$aCalzabigi, Ranieri de'$d1714-1795$1http://www.wikidata.org/entity/Q1310912$911158
=700  \\$4lbt$4trl$aDu Roullet, François Louis Gaud Lebland$cMarquis$d1716-1786$1http://www.wikidata.org/entity/Q3083494$98660
=856  \\$uhttps://gallica.bnf.fr/view3if/ga/ark:/12148/bpt6k1162142c/f5$3IIIF
=942  \\$cSCO
=952  \\$00$10$2ddc$40$6KTS_1_000000000000000_C2_32_07D29$70$8RAR$91557$aORPH$bORPH$cKTS1_C2$d2020-07-08$eKoopman$l0$oKTS1 C2.32 07D29$p20139255$r2021-01-12 00:00:00$w2021-01-12$ySCO
=999  \\$d1557

