=LDR  02096acc a2200289   4500
=001  1558
=008  220805q1842\\\\|||||le|\||||\00|\0\ger\d
=041  \\$ager
=100  \\$aSpohr, Louis$d1784-1859$4cmp$1http://www.wikidata.org/entity/Q57226$96129
=240  \\$aop. 116
=245  \\$aHistorische Symphonie:$bIm Styl und gesmack vier verschiedener Zeitabschnitte
=250  \\$a1st ed.
=260  \\$aVienna$bMechetti$c[1842]
=300  \\$a[113] pages
=500  \\$aLouis Spohr (1784-1859) was a German composer, violinist and conductor. Highly regarded during his lifetime, Spohr composed ten symphonies, ten operas, eighteen violin concerti, four clarinet concerti, four oratorios, and various works for small ensemble, chamber music, and art songs. Spohr invented the violin chinrest and the orchestral rehearsal mark. His output spans the transition between Classical and Romantic music, but fell into obscurity following his death, when his music was rarely heard. The late 20th century saw a revival of interest in his oeuvre, especially in Europe.
=500  \\$aSpohr's sixth, historicist symphony,was composed in 1839
=500  \\$athe first movement is in the style of Bach and Handel, the second in that of Haydn and Mozart, the third in that of Beethoven, and the fourth in Spohr's own style
=500  \\$ainstrumental parts boxed together; 11+8+2+8+11+7+5+5+4+5+4+7+5+4+4+3+3+1+1+2+2+2+2+2+2+3 pages
=500  \\$acited in Koopman 2008, 3
=648  \0$a19th Century (1801-1900)$1http://www.wikidata.org/entity/Q6955$920935
=650  \0$aOrchestral music$1http://www.wikidata.org/entity/Q3328774$924356
=650  \0$aSymphony$1http://www.wikidata.org/entity/Q9734$92527
=651  \0$aLondon (United Kingdom)$1http://www.wikidata.org/entity/Q84$9123
=856  \\$uhttps://imslp.org/wiki/Symphony_No.6%2C_Op.116_(Spohr%2C_Louis)$3International Music Score Library Project
=942  \\$cSCO
=952  \\$00$10$2ddc$40$6KTS_1_000000000000000_C2_32_07D30$70$8RAR$91558$aORPH$bORPH$cKTS1_C2$d2020-07-08$eKoopman$l0$oKTS1 C2.32 07D30$p20139256$r2021-01-12 00:00:00$w2021-01-12$ySCO
=999  \\$d1558

