=LDR  01720aam a2200277   4500
=001  1561
=008  220809b\\\\\\\\|||g||||\||||\00|\0\eng\d
=041  \\$aeng
=059  \\$afl
=100  \\$aGunn, John$d1765-1824$4aut$1http://www.wikidata.org/entity/Q6236581$96132
=245  \\$aThe School of the German-Flute
=250  \\$a1st ed.
=260  \\$aLondon$bGunn$c1795
=300  \\$a39 pages$bmusic examples
=500  \\$aJohn Gunn (c.1765-c.1824) was a Scottish cellist, writer on music, and professor.
=561  \\$aEx libris N. Gale (manuscript)
=590  \\$a or principles & practice for attaining a command of that instrument in all keys, & forming a good taste by a study of the best compostitions given in a regular & progressive arrangemt. With an accompaniment for a second flute. Book the first. Containing directions for beginners, & their first practice in 56 of the best Italian, English, Scotch, & French airs, adapted as progressive lessons for two flutes
=648  \0$a18th Century (1701-1800)$1http://www.wikidata.org/entity/Q7015$920899
=650  \0$aMusic education$1http://www.wikidata.org/entity/Q27908$921766
=650  \0$aMethod$1http://www.wikidata.org/entity/Q2250960$921402
=650  \0$aFlute$1http://www.wikidata.org/entity/Q11405$921276
=651  \0$aLondon (United Kingdom)$1http://www.wikidata.org/entity/Q84$9123
=856  4\$uhttps://urresearch.rochester.edu/fileDownloadForInstitutionalItem.action;jsessionid=9F1BC5E21153090C55204AC76FA45F74?itemId=27927&itemFileId=142630
=942  \\$cBOO
=952  \\$00$10$2ddc$40$6KTS_1_000000000000000_C2_32_07D33$70$8RAR$91561$aORPH$bORPH$cKTS1_C2$d2020-07-08$eKoopman$l0$oKTS1 C2.32 07D33$p20139258$r2021-01-12 00:00:00$w2021-01-12$yBOO
=999  \\$d1561

