=LDR  02029aac a2200265   4500
=001  1562
=008  220805r15521533|||g||||\||||\00|\0\ger\d
=041  \\$ager
=100  \\$aOsiander, Andreas$d1498-1552$4aut$1http://www.wikidata.org/entity/Q435547$96133
=245  \\$aKirchenordnung
=260  \\$aLeipzig$bGünter$c1552
=300  \\$a57+[73] folios$bfolded sheet with music example inserted
=500  \\$aOsiander (1498-1552) was a Lutheran theologian and Protestant reformer. 
=500  \\$aOsiander published a corrected edition of the Vulgate Bible, with notes, in 1522 and a Harmony of the Gospels in 1537. In 1533, Brandenburg-Nuernbergische Kirchenordnung vom Jahre 1533 was published, with Osiander assisting in both the source material and the final editing. This combined order of worship and catechism was the first work to include the Keys section of Luther's Small Catechism, of which Osiander is a suspected author. 
=501  \\$abound in with 'Catechismus oder Kinderpredig'
=534  \\$aOriginally published in 1533$oTitle page of the original: https://upload.wikimedia.org/wikipedia/commons/b/b7/Kirchen_Ordnu-n-g%2C_in_meiner_gnedigen_Herrn_der_Marggrauen_zu_Brandenburg.jpg
=590  \\$awie es inn des durchleuchtigen hochgebornen Fursten unnd Herrn Herrn Albrachts des Jungern Marggraven zu Brandenburgs zu Preussen zu Stettin [...] gebiet mit der Lehr und Ceremonien bis auff vernere Christliche vergleichung gehalten werden sol
=648  \0$a16th Century (1501-1600)$1http://www.wikidata.org/entity/Q7017$920944
=650  \0$aLute$1http://www.wikidata.org/entity/Q180733$93944
=650  \0$aLaw$1http://www.wikidata.org/entity/Q7748$93727
=650  \1$aCatechism$1http://www.wikidata.org/entity/Q189279$923882
=651  \0$aBrandenburg (Germany)$1http://www.wikidata.org/entity/Q1208$922771
=942  \\$cBOO
=952  \\$00$10$2ddc$40$6KTS_1_000000000000000_C2_32_07D34$70$8RAR$91562$aORPH$bORPH$cKTS1_C2$d2020-07-08$eKoopman$l0$oKTS1 C2.32 07D34$p20139257$r2021-01-12 00:00:00$w2021-01-12$yBOO
=999  \\$d1562

