=LDR  01680acm a2200325   4500
=001  1566
=008  220808s1775\\\\|||||l||\||||\00|\0\eng\d
=041  \\$aeng
=059  \\$avc hpd
=100  \\$aCervetto, James$d1748-1837$4cmp$1http://www.wikidata.org/entity/Q18529811$96137
=245  \\$aSix Solos for the Violoncello with a Thorough Bass for the Harpsichord op. 3
=246  \1$aSix cello sonatas op.1
=250  \\$a2nd ed.
=260  \\$aLondon$bBremner$c1775
=300  \\$a24 pages
=500  \\$a"Second issue"
=500  \\$aoriginally published in c. 1768
=500  \\$aJames Cervetto (1747-1837) was the son of a Jewish cellist and a member of Queen Charlotte's private orchestra
=500  \\$ahe is pictured on a painting by Zoffany
=500  \\$aBremner was a Scottish publisher who in 1754 set up a printing company in Edinburgh (see 05D09 and 09K25) which moved to London around 1762
=590  \\$adedicated to the Royal Hon.ble the Earl of Pembroke
=648  \0$a18th Century (1701-1800)$1http://www.wikidata.org/entity/Q7015$920899
=650  \0$aInstrumental music$1http://www.wikidata.org/entity/Q639197$92106
=650  \0$aCello$1http://www.wikidata.org/entity/Q8371$92688
=650  \0$aSonata$1http://www.wikidata.org/entity/Q131269$921653
=651  \0$aLondon (United Kingdom)$1http://www.wikidata.org/entity/Q84$9123
=856  \\$uhttps://imslp.org/wiki/6_Cello_Sonatas%2C_Op.1_(Cervetto%2C_James)$3International Music Score Library Project
=942  \\$cSCO
=952  \\$00$10$2ddc$40$6KTS_1_000000000000000_C2_32_07D38$70$8RAR$91566$aORPH$bORPH$cKTS1_C2$d2020-07-08$eKoopman$l0$oKTS1 C2.32 07D38$p20139260$r2021-01-12 00:00:00$w2021-01-12$ySCO
=999  \\$d1566

