=LDR  01560acm a2200313   4500
=001  1568
=008  220808b\\\\\\\\|||||l||\||||\00|\0\fre\d
=041  \\$afre
=059  \\$ahpd/pf 4h
=100  \\$aKozeluch, Leopold$d1747-1818$4cmp$1http://www.wikidata.org/entity/Q693843$94782
=240  \\$aKeyboard Sonata No. 3 in B-Flat Major, P.XI:2, Op. 8
=245  \\$aDuo pour le Clavecin où le Piano-Forte$nŒuvre IX
=260  \\$aParis$bNaderman$cbefore 1799
=300  \\$a27 pages
=490  \\$aJournal de pieces de clavecin$v11
=500  \\$aSame work as 01A34
=500  \\$aThe publisher Jean-Henri Naderman (1734-1799) was a well-known harp-builder who championed the simple-action harp.
=648  \0$a18th Century (1701-1800)$1http://www.wikidata.org/entity/Q7015$920899
=650  \0$aKeyboard music$1http://www.wikidata.org/entity/Q105715630$921412
=650  \0$aSonata$1http://www.wikidata.org/entity/Q131269$921653
=650  \0$aQuatre mains$1http://www.wikidata.org/entity/Q227484$922186
=650  \0$aFreedom$1http://www.wikidata.org/entity/Q310735$923033
=650  \0$aHarpsichord$1http://www.wikidata.org/entity/Q81982$92125
=650  \0$aPiano$1http://www.wikidata.org/entity/Q5994$92127
=650  \0$aPrice$1http://www.wikidata.org/entity/Q160151$922382
=651  \0$1http://www.wikidata.org/entity/Q1741$aVienna (Austria)$920937
=942  \\$cSCO
=952  \\$00$10$2ddc$40$6KTS_1_000000000000000_C2_32_07D40$70$8RAR$91568$aORPH$bORPH$cKTS1_C2$d2020-07-08$eKoopman$l0$oKTS1 C2.32 07D40$p20139270$r2021-01-12 00:00:00$w2021-01-12$ySCO
=999  \\$d1568

