=LDR  02013adm a2200313   4500
=001  1570
=008  210319s1842\\\\\\\||ld||||||\00|\0\mul\d
=041  \\$ager$dlat
=059  \\$aS A T B SATB fl 2ob 2cl 2bsn 2tpt 2hrn tbn timp 2vn vla vc db org
=100  \\$aHaydn, Joseph$d1732-1809$4cmp$1http://www.wikidata.org/entity/Q7349$94783
=240  \\$aHarmoniemesse, Hob.XXII:14
=245  \\$aMesse in B
=260  \\$as.l.$c1842
=300  \\$a297 pages
=500  \\$aComplete set of manuscript copies of twenty-seven (shuffled) vocal and instrumental parts, unique per voice type and instrument. Probably originating from the archives of the Stadtkirche St. Jakobi in Chemnitz, Germany, as the title page states. Copied on manuscript paper by "Gottlieb Haase Söhne in Prag – Nr. 344": this printing shop, run by Ludwig and Andreas Haase, operated in Prague by that name from 1824 until 1872.

=504  \\$aIncludes list of instruments in the front
=533  \\$aDigitized by iGuana, Spring 2022
=534  \\$aHaydn's Harmoniemesse premiered in Eisenstadt on 8 September 1802
=590  \\$aArch. No.22 "...Decanalkirche St. Jacobi zu Böhm. Kamnitz. 1842"
=610  \0$aStadtkirche St. Jakobi (Chemnitz, Germany)$1http://www.wikidata.org/entity/Q2327430$924585
=648  \0$a19th Century (1801-1900)$1http://www.wikidata.org/entity/Q6955$920935
=650  \0$aMass$1http://www.wikidata.org/entity/Q217295$92735
=650  \0$aCatholicism$1http://www.wikidata.org/entity/Q1841$921631
=651  \0$aChemnitz (Germany)$1http://www.wikidata.org/entity/Q2795$924586
=856  \\$uhttps://uv-v4.netlify.app/#?manifest=https://sharedcanvas.be/IIIF/manifests/d8bc849c-49a2-11ed-84f2-c0e4c91de173$3IIIF
=856  \\$uhttps://sharedcanvas.be/IIIF/manifests/d8bc849c-49a2-11ed-84f2-c0e4c91de173$3IIIF manifest
=942  \\$cMS
=952  \\$00$10$2ddc$40$6KTS_1_000000000000000_C2_32_07D42$70$8RAR$91570$aORPH$bORPH$cKTS1_C2$d2020-07-08$eKoopman$oKTS1 C2.32 07D42$p20136113$r2021-01-12 00:00:00$w2021-01-12$yMS
=999  \\$d1570

