=LDR  01796acm a2200313   4500
=001  1571
=008  220808s1780\\\\|||||a||\||||\00|\0\ita\d
=041  \\$aita
=059  \\$avv, 2ob, strings, bc
=100  \\$aHandel, George Frideric$d1685-1759$4cmp$1http://www.wikidata.org/entity/Q7302$94765
=240  \\$aHWV 9
=245  \\$aTeseo, opera in cinque atti $brappresentata al teatro del Re nel Mercato del Fieno a Londra nell'anno 1713
=260  \\$aLondon$bArnold$c1780
=300  \\$a159 pages$bengraved title page
=490  \\$aThe Works of G. F. Händel, Ed. in Score$vplate nos. 30-34
=500  \\$aEngraved title page with sitting angel surrounded by musical instruments
=561  \\$aEx libris ... Ayrton (manuscript)
=561  \\$aEx libris Nederlandse Radio Unie (stamp)
=585  \\$aPart of the exhibition 'Händel in Naarden, uit de collectie van Ton Koopman', Oct-Nov 2025, Comenius Museum Naarden (NL).
=610  \0$aTheatre Royal, Haymarket (London, United Kingdom)$1http://www.wikidata.org/entity/Q540426$923268
=648  \0$a18th Century (1701-1800)$1http://www.wikidata.org/entity/Q7015$920899
=650  \0$aOpera$1http://www.wikidata.org/entity/Q1344$92468
=651  \0$aLondon (United Kingdom)$1http://www.wikidata.org/entity/Q84$9123
=700  \\$4lbt$aQuinault, Philippe$d1635-1688$1http://www.wikidata.org/entity/Q379947$94911
=700  \\$4lbt$aHaym, Nicola Francesco$d1678-1729$1http://www.wikidata.org/entity/Q1986170$96138
=856  \\$uhttps://imslp.org/wiki/Teseo,_HWV_9_(Handel,_George_Frideric)$3International Music Score Library Project
=942  \\$cSCO
=952  \\$00$10$2ddc$40$6KTS_1_000000000000000_C2_32_07D43$70$8RAR$91571$aORPH$bORPH$cKTS1_C2$d2020-07-08$eKoopman$l0$oKTS1 C2.32 07D43$p20139268$r2021-01-12 00:00:00$v800.00$w2021-01-12$ySCO
=999  \\$d1571

