=LDR  02082acm a2200289   4500
=001  1572
=008  220808s1731\\\\|||||le|\||||\00|\0\eng\d
=041  \\$aeng
=059  \\$a2fl/vn bc
=100  \\$aFesting, Michael Christian$d1705-1752$4cmp$1http://www.wikidata.org/entity/Q1927169$96139
=240  \\$a12 Trio Sonatas op. 3
=245  \\$aTwelve Sonata's in Three Parts op. 2
=260  \\$aLondon$bSmith$c1731
=300  \\$a3 parts in one ([viii]-21 + [ii]- 18 + [ii]-17 pages)
=500  \\$aFesting was an English violinist and composer. His reputation lies mostly on his work as a violin virtuoso. His brother, John Festing, was a flautist and oboist who amassed a sizeable fortune through teaching music. His brother is most likely the musician depicted in William Hogarth's painting The Enraged Musician (1741)
=500  \\$aComplete Set of parts
=500  \\$aViolin part contains dedication to the Dutchess of Marlborough and a list of subscribers
=590  \\$aDedicated to Her Grace, Henrietta, Dutchess of Malborough, etc etc. The first, Second, and Third Sonata's, for two German Flutes, [or two Violins] and a bass. The Fourth, Fifth, and Sixth Sonata's, for one German Flute, one Violin, (or two Violins] and a Bass. The Seventh, Eighth, Ninth, Tenth, Eleventh, and Twelfth Sonata's, for two Violins and a Bass.
=648  \0$a18th Century (1701-1800)$1http://www.wikidata.org/entity/Q7015$920899
=650  \0$aInstrumental music$1http://www.wikidata.org/entity/Q639197$92106
=650  \0$aTrio sonata$1http://www.wikidata.org/entity/Q903425$921654
=651  \0$aLondon (United Kingdom)$1http://www.wikidata.org/entity/Q84$9123
=856  \\$uhttps://archive.org/details/twelvesonatasint00fest/page/n1$3Internet Archive
=856  \\$uhttps://imslp.org/wiki/12_Trio_Sonatas%2C_Op.2_(Festing%2C_Michael_Christian)$3International Music Score Library Project
=942  \\$cSCO
=952  \\$00$10$2ddc$40$6KTS_1_000000000000000_C2_32_07D44$70$8RAR$91572$aORPH$bORPH$cKTS1_C2$d2020-07-08$eKoopman$l0$oKTS1 C2.32 07D44$p20139271$r2021-01-12 00:00:00$w2021-01-12$ySCO
=999  \\$d1572

