=LDR  01398acm a2200277   4500
=001  1573
=008  220808s1795\\\\|||||a||\||||\00|\0\\\\\d
=041  \\$aita
=059  \\$avv orch
=100  \\$aHandel, George Frideric$d1685-1759$4cmp$1http://www.wikidata.org/entity/Q7302$94765
=240  \\$aHWV 6
=245  \\$aAgrippina, opera in tre atti$brappresentata al teatro di Venizzia nell'anno 1709 
=250  \\$a1st ed.
=260  \\$aLondon$bArnold$c1795
=300  \\$a174 pages
=490  \\$aThe Works of G. F. Händel, Ed. in Score$vplate nos. 146-149
=500  \\$a At the end 'Order of Arias' followed by a card containing "An Exact copy of the hand writing of G.F Handel from the Opera of Agrippina in the possession of the Editor".
=561  \\$aEx libris Nederlandse Radio Unie (stamp)
=648  \0$a18th Century (1701-1800)$1http://www.wikidata.org/entity/Q7015$920899
=650  \0$aOpera$1http://www.wikidata.org/entity/Q1344$92468
=651  \0$aLondon (United Kingdom)$1http://www.wikidata.org/entity/Q84$9123
=651  \0$aVenice (Italy)$1http://www.wikidata.org/entity/Q641$91
=700  \\$4lbt$aGrimani, Vincenzo$d1655-1710$1http://www.wikidata.org/entity/Q1247746$96140
=942  \\$cSCO
=952  \\$00$10$2ddc$40$6KTS_1_000000000000000_C2_32_07D45$70$8RAR$91573$aORPH$bORPH$cKTS1_C2$d2020-07-08$eKoopman$l0$oKTS1 C2.32 07D45$p20139274$r2021-01-12 00:00:00$w2021-01-12$ySCO
=999  \\$d1573

