=LDR  01033acm a2200229   4500
=001  1575
=008  210622s1780\\\\\\\||a||\||||\00|\0\eng\d
=041  \\$aeng
=059  \\$avv orch ch
=100  \\$aHandel, George Frideric$d1685-1759$4cmp$1http://www.wikidata.org/entity/Q7302$94765
=240  \\$aHWV 69
=245  \\$aThe Choice of Hercules,$bIn Score; Composed in the Year, 1745
=260  \\$aLondon$bArnold$c1780
=300  \\$a80 pages
=490  \\$aThe Works of G. F. Händel, Ed. in Score$vplate nos. 55-56
=648  \0$a18th Century (1701-1800)$1http://www.wikidata.org/entity/Q7015$920899
=650  \0$aOratorio$1http://www.wikidata.org/entity/Q85477$91825
=651  \0$aUnited Kingdom$1http://www.wikidata.org/entity/Q21$9273
=700  \\$4dub$aMorell, Thomas$d1703-1784$1http://www.wikidata.org/entity/Q1526959$96037
=942  \\$cSCO
=952  \\$00$10$2ddc$40$6KTS_1_000000000000000_C2_32_07D47$70$8RAR$91575$aORPH$bORPH$cKTS1_C2$d2020-07-08$eKoopman$l0$oKTS1 C2.32 07D47$p20139272$r2021-01-12 00:00:00$w2021-01-12$ySCO
=999  \\$d1575

