=LDR  01264acm a2200241   4500
=001  1576
=008  220809s1745\\\\|||||le|\||||\00|\0\fre\d
=041  \\$afre
=059  \\$avn
=100  \\$aBoismortier, Joseph Bodin de$d1689-1755$4cmp$1http://www.wikidata.org/entity/Q512133$96143
=245  \\$aNouvelles gentillesses pour une musette ou viele et un violon ou haubois Avec la Basse op. 100
=260  \\$aParis$bs.n.$c[ca.1745]
=300  \\$a[i]-12 pages
=500  \\$aViolin part only
=500  \\$aBoismortier published 2 books of "Gentillesses" for hurdy-gurdy. The first one in 1731 (op.33), the second around 1745.
=500  \\$aCover contains adhesive label with title and instrument of part ("Second dessus Pour Le viollon")
=648  \0$a18th Century (1701-1800)$1http://www.wikidata.org/entity/Q7015$920899
=650  \0$aInstrumental music$1http://www.wikidata.org/entity/Q639197$92106
=651  \0$aFrance$1http://www.wikidata.org/entity/Q142$9131
=856  \\$uhttps://gallica.bnf.fr/view3if/ga/ark:/12148/btv1b9083177b$3complete parts (IIIF)
=942  \\$cSCO
=952  \\$00$10$2ddc$40$6KTS_1_000000000000000_C2_32_07D48$70$8RAR$91576$aORPH$bORPH$cKTS1_C2$d2020-07-08$eKoopman$l0$oKTS1 C2.32 07D48$p20139276$r2021-01-12 00:00:00$w2021-01-12$ySCO
=999  \\$d1576

