=LDR  02090acm a2200361   4500
=001  1577
=005  20250923161048.0
=008  220808s1742\\\\|||||l||\||||\00|\0\eng\d
=041  \\$aeng
=059  \\$afl/vn/hpd bc
=100  \\$aHasse, Johann Adolf$d1699-1783$4cmp$1http://www.wikidata.org/entity/Q164732$94966
=240  \\$aArias for flute, violin and harpsichord
=245  \\$aChamber Aires for a German Flute, Violin or Harpsicord Vol.1$n1-4
=260  \\$aLondon$bWalsh$c1742
=300  \\$a4 vols. in 1 (24-25-25-25 pages)
=501  \\$aBound in with ‘Six Concertos Set for the Harpsicord or Organ’ and ‘Solos for a German Flute or Violin’
=590  \\$aBeing the most Celebrated Songs & Ariets Collected out of all their late Operas
=648  \0$a18th Century (1701-1800)$1http://www.wikidata.org/entity/Q7015$920899
=650  \0$aInstrumental music$1http://www.wikidata.org/entity/Q639197$92106
=650  \0$aArrangement$1http://www.wikidata.org/entity/Q379755$94282
=650  \0$aOpera$1http://www.wikidata.org/entity/Q1344$92468
=651  \0$aLondon (United Kingdom)$1http://www.wikidata.org/entity/Q84$9123
=700  \\$4cmp$aVinci, Leonardo$d1690-1730$1http://www.wikidata.org/entity/Q29577$96144
=700  \\$4cmp$aVeracini, Francesco Maria$d1690-1768$1http://www.wikidata.org/entity/Q713268$96145
=700  \\$4cmp$aPescetti, Giovanni Battista$d1704-1766$1http://www.wikidata.org/entity/Q1526310$96146
=700  \\$4cmp$aGaluppi, Baldassare$d1706-1785$1http://www.wikidata.org/entity/Q208338$95847
=700  \\$4cmp$aPorpora, Nicola$d1686-1768$1http://www.wikidata.org/entity/Q312788$98180
=700  \\$4cmp$aArena, Giuseppe$d1713-1784$1http://www.wikidata.org/entity/Q3770016$924599
=700  \\$4cmp$aLampugnani, Giovanni Battista$d1708-1788$1http://www.wikidata.org/entity/Q739019$924600
=942  \\$cSCO
=952  \\$00$10$2ddc$40$6KTS_1_000000000000000_C2_32_07D49A$70$8RAR$91577$aORPH$bORPH$cKTS1_C2$d2020-07-08$eKoopman$l0$oKTS1 C2.32 07D49a$p20139275a$r2021-01-12 00:00:00$w2021-01-12$ySCO
=999  \\$d1577
=533  \\$aDigitized by iGuana, Spring 2025.

