=LDR  01599acm a2200289   4500
=001  1578
=008  220809s1742\\\\|||||l||\||||\00|\0\eng\d
=041  \\$aeng
=059  \\$ahpd/org
=100  \\$aHasse, Johann Adolf$d1699-1783$4cmp$1http://www.wikidata.org/entity/Q164732$94966
=245  \\$aSix Concertos Set for the Harpsichord or Organ
=260  \\$aLondon$bWalsh$c1742
=300  \\$a42 pages
=500  \\$aNo.1 is an arrangement of the Hasse's Sinfonia to 'Asteria'  (Favola Pastorale in 3 acts, Dresden, 1737)

=500  \\$aNos.2-5 arranged from 12 Flute Concertos, Op.3
=501  \\$aBound in with ‘Chamber Aires for a German Flute, Violin or Harpsicord 1-4’ and ‘Solos for a German Flute or Violin’

=648  \0$a18th Century (1701-1800)$1http://www.wikidata.org/entity/Q7015$920899
=650  \0$aConcerto$1http://www.wikidata.org/entity/Q9748$921817
=650  \0$aArrangement$1http://www.wikidata.org/entity/Q379755$94282
=650  \0$aKeyboard music$1http://www.wikidata.org/entity/Q105715630$921412
=650  \0$aOpera$1http://www.wikidata.org/entity/Q1344$92468
=650  \0$aOverture$1http://www.wikidata.org/entity/Q202287$921591
=773  \\$01577$tChamber Aires for a German Flute, Violin or Harpsicord 1-4$w1577 
=856  \\$uhttps://imslp.org/wiki/6_Concertos_arranged_for_Keyboard_(Hasse%2C_Johann_Adolph)$3International Music Score Library Project
=942  \\$cSCO
=952  \\$00$10$2ddc$40$6KTS_1_000000000000000_C2_32_07D49B$70$8RAR$91578$aORPH$bORPH$cKTS1_C2$d2020-07-08$eKoopman$l0$oKTS1 C2.32 07D49b$p20139275b$r2021-01-12 00:00:00$w2021-01-12$ySCO
=999  \\$d1578

