=LDR  01245acm a2200253   4500
=001  1579
=008  220809s1740\\\\|||||l||\||||\00|\0\eng\d
=041  \\$aeng
=059  \\$afl/vn bc
=100  \\$aHasse, Johann Adolf$d1699-1783$4cmp$1http://www.wikidata.org/entity/Q164732$94966
=240  \\$aFlute sonatas
=245  \\$aSolos for a German Flute or Violin op. 2
=260  \\$aLondon$bWalsh$c[1740?]
=300  \\$a29 pages
=500  \\$athere also exists a set of trio sonatas by Hasse with op. no. 2
=501  \\$aBound in with 'Chamber Aires for a German Flute, Violin or Harpsicord 1-4' and  ‘Six Concertos Set for the Harpsicord or Organ’
=590  \\$aWith a Through Bass for the Harpsicord or Violoncello
=648  \0$a18th Century (1701-1800)$1http://www.wikidata.org/entity/Q7015$920899
=650  \0$aInstrumental music$1http://www.wikidata.org/entity/Q639197$92106
=650  \0$aSonata$1http://www.wikidata.org/entity/Q131269$921653
=773  \\$01577$tChamber Aires for a German Flute, Violin or Harpsicord 1-4$w1577
=942  \\$cSCO
=952  \\$00$10$2ddc$40$6KTS_1_000000000000000_C2_32_07D49C$70$8RAR$91579$aORPH$bORPH$cKTS1_C2$d2020-07-08$eKoopman$l0$oKTS1 C2.32 07D49c$p20139275c$r2021-01-12 00:00:00$w2021-01-12$ySCO
=999  \\$d1579

