=LDR  01436acm a2200265   4500
=001  1580
=008  220809s1803\\\\|||||l||\||||\00|\0\ger\d
=041  \\$ager
=059  \\$akbd
=100  \\$aKittel, Johann Christian$d1732-1809$4cmp$1http://www.wikidata.org/entity/Q445696$94879
=245  \\$a155 vierstimmige Chorale mit Vorspielen
=260  \\$aAltona$bHammerich$c1803
=300  \\$a[i]-8-205-[2] pages
=500  \\$aJohann Christian Kittel (1732-1809) was a German organist, composer, and teacher. He was one of the last students of Johann Sebastian Bach. 
=561  \\$aEx libris Schmidt (manuscript)
=590  \\$azum allgemeinen sowohl, als zum besondern Gebrauch für die Schleswig-Hollsteinischen Kirchen
=648  \0$a19th Century (1801-1900)$1http://www.wikidata.org/entity/Q6955$920935
=650  \0$aProtestantism$1http://www.wikidata.org/entity/Q23540$921012
=650  \0$aChorale$1http://www.wikidata.org/entity/Q724473$921334
=650  \0$aOrgan$1http://www.wikidata.org/entity/Q1444$92810
=651  \0$aGermany$1http://www.wikidata.org/entity/Q183$9155
=856  \\$uhttps://imslp.org/wiki/155_Vierstimmige_Chor%C3%A4le_mit_Vorspielen_(Kittel%2C_Johann_Christian)$3International Music Score Library Project
=942  \\$cSCO
=952  \\$00$10$2ddc$40$6KTS_1_000000000000000_C2_32_07D50$70$8RAR$91580$aORPH$bORPH$cKTS1_C2$d2020-07-08$eKoopman$l0$oKTS1 C2.32 07D50$p20139277$r2021-01-12 00:00:00$w2021-01-12$ySCO
=999  \\$d1580

