=LDR  02160adm a2200301   4500
=001  1583
=008  210323b\\\\\\\\\\\||k|||||||\00|\0\fre\d
=041  \\$afre
=059  \\$av pf
=245  \\$a[Collection of French Airs]
=260  \\$as.l.$c18xx
=300  \\$a54 pages$b31 blank pages
=500  \\$aCahier containing operatic excerpts and a song, copied in one hand
=505  \\$gScène d'Ariodant : récit / Etienne Méhul & François-Benoît Hoffmann -- Récit air d'Œdipe à Colone / Antonio Sacchini & Nicolas François Guillard -- Air du Calife de Bagdad / François-Adrien Boieldieu a Claude Godard d'Aucourt de Saint-Just -- Chanson (Oui, c'en est fait, je veux rompre mes chaines) -- Cavatina del Principe di Taranto / Ferdinando Paer -- La Séparation forcée + Duo
=533  \\$aDigitized by iGuana, Spring 2022
=534  \\$aMéhul's drame mêle de musique 'Ariodant' premiered at the Théâtre Favart in Paris, 1799; Sacchini's 'Œdipe à Colone' premiered in Paris, 1786; Boieldieu's 'Le Calife de Bagdad' premiered in Paris, 1800; Ferdinando Paer's 'Il principe di Taranto' premiered at the Théâtre-italien in Paris, 1816
=610  \0$aOpéra (Paris, France)$1http://www.wikidata.org/entity/Q283339$920898
=610  \0$aOpéra-Comique (Paris, France)$1http://www.wikidata.org/entity/Q872222$920953
=610  \0$aComédie-Italienne (Paris, France)$1http://www.wikidata.org/entity/Q1581237$922126
=648  \0$a18th Century (1701-1800)$1http://www.wikidata.org/entity/Q7015$920899
=648  \0$a19th Century (1801-1900)$1http://www.wikidata.org/entity/Q6955$920935
=650  \0$aOpera$1http://www.wikidata.org/entity/Q1344$92468
=650  \0$aSong$1http://www.wikidata.org/entity/Q7366$94164
=856  \\$uhttps://uv-v4.netlify.app/#?manifest=https://sharedcanvas.be/IIIF/manifests/15a5cf37-497d-11ed-8eb8-c28ab1947bf8$3IIIF
=856  \\$uhttps://sharedcanvas.be/IIIF/manifests/15a5cf37-497d-11ed-8eb8-c28ab1947bf8$3IIIF manifest
=942  \\$cMS
=952  \\$00$10$2ddc$40$6KTS_1_000000000000000_C1_33_07E01$70$8RAR$91583$aORPH$bORPH$cKTS1_C1$d2020-07-08$eKoopman$oKTS1 C1.33 07E01$p20136138$r2021-01-12 00:00:00$w2021-01-12$yMS
=999  \\$d1583

