=LDR  00749    a2200205   4500
=001  1587
=005  20251031153431.0
=041  \\$aita
=059  \\$av pf
=100  \\$aPaer, Ferdinando$d1771-1839$4cmp$96151
=245  \\$aCavatina del Principe di Taranto
=260  \\$as.l.$c18xx
=336  \\$anotated music
=336  \\$amanuscript
=500  \\$aIl principe di Taranto' premiered at the Théâtre-italien in Paris, 1816
=500  \\$abound in with various vocal pieces
=650  \0$aPoetry$1http://www.wikidata.org/entity/Q482$93026
=942  \\$cSCO
=952  \\$00$10$2ddc$40$6KTS_1_000000000000000_C1_33_07E01E$70$8RAR$91587$aORPH$bORPH$cKTS1_C1$d2020-07-08$eKoopman$i07E01e$l0$oKTS1 C1.33 07E01e$p20136138e$r2021-01-12 00:00:00$w2021-01-12$yRAR
=999  \\$d1587

