=LDR  01537aca a2200289   4500
=001  1593
=008  210920s1745\\\\\\\||le|\||||\00|\0\eng\d
=041  \\$aeng
=059  \\$aorg/hpd
=100  \\$aFelton, William$d1715-1769$4cmp$1http://www.wikidata.org/entity/Q3568609$96162
=245  \\$aSix Concertos for the Organ or Harpsichord with Instrumental Parts$bOp.2
=260  \\$aLondon$bJohnson$c1745
=300  \\$a[ii]-50 pages
=336  \\$aprinted
=500  \\$aKeyboard part only
=500  \\$aDedicated to Velters Cornewall, an English politician (1697-1868).
=500  \\$aEx Libris = ? Benjamin Mence, Vicar of St. Pancras, who appeared in The Messiah at Hereford in 1759 and whose 'vocal powers as an English singer' were highly praised. 
=561  \\$aEx Libris Ben. Mence full 1750 (manuscript)
=590  \\$aTo Velters Cornewall Esq.r these Six Concerto's are humbly Dedicated
=648  \0$a18th Century (1701-1800)$1http://www.wikidata.org/entity/Q7015$920899
=650  \0$aInstrumental music$1http://www.wikidata.org/entity/Q639197$92106
=650  \0$aConcerto$1http://www.wikidata.org/entity/Q9748$921817
=651  \0$aUnited Kingdom$1http://www.wikidata.org/entity/Q21$9273
=856  \\$uhttps://imslp.org/wiki/6_Keyboard_Concertos%2C_Op.1_(Felton%2C_William)$3International Music Score Library Project
=942  \\$cSCO
=952  \\$00$10$2ddc$40$6KTS_1_000000000000000_C1_33_07E06$70$8RAR$91593$aORPH$bORPH$cKTS1_C1$d2020-07-08$eKoopman$i07E06$oKTS1 C1.33 07E06$p20134114$r2021-01-12 00:00:00$w2021-01-12$ySCO
=999  \\$d1593

