=LDR  02011aca a2200301   4500
=001  1612
=008  210921s1777\\\\|||||le|\||||\00|\0\mul\d
=041  \\$aita$afre
=059  \\$avn vla
=100  \\$aBoccherini, Luigi$d1743-1805$4cmp$1http://www.wikidata.org/entity/Q189766$96155
=245  \\$a6 quintetti per 2 violini alto e 2 violoncelli concertanti, libro 3 di quintetti op. 20 [G.289-294]
=250  \\$a1st ed.
=260  \\$aParis$bVenier$c1777
=300  \\$a17-20 pages
=336  \\$aprinted
=500  \\$aincomplete. Only viola (07E24a) and 2nd violin (07E24b) parts 
=501  \\$a6 quintetti per 2 violini alto e 2 violoncelli concertanti, libro 1 di quintetti op. 12; 6 quintetti per 2 violini alto e 2 violoncelli concertanti, libro 4 di quintetti op. 17
=590  \\$aN.B. les parties de Violoncelles sont facile pour l'exécution, et la seconde se poura executer sur l'Alto ou un Basson. 
=648  \0$a18th Century (1701-1800)$1http://www.wikidata.org/entity/Q7015$920899
=650  \0$aInstrumental music$1http://www.wikidata.org/entity/Q639197$92106
=650  \0$aString quintet$1http://www.wikidata.org/entity/Q937364$94575
=773  \\$01611    $t6 quintetti per 2 violini alto e 2 violoncelli concertanti, libro 1 di quintetti op. 12$w1611    
=856  \\$uhttps://imslp.org/wiki/6_String_Quintets%2C_G.289-294_(Op.20)_(Boccherini%2C_Luigi)$3International Music Score Library Project
=942  \\$cSCO
=952  \\$00$10$2ddc$40$6KTS_1_000000000000000_C1_33_07E24AB$70$8RAR$91612$aORPH$bORPH$cKTS1_C1$d2020-07-08$eKoopman$i07E24a-b$oKTS1 C1.33 07E24a-b$r2021-01-12 00:00:00$w2021-01-12$ySCO
=952  \\$00$10$2ddc$40$6KTS_1_000000000000000_C1_33_07E24AB$70$8RAR$923754$aORPH$bORPH$cKTS1_C1$d2020-07-08$eKoopman$i07E24a-b$l0$oKTS1 C1.33 07E24a-b$r2021-01-12 00:00:00$w2021-01-12$ySCO
=952  \\$00$10$2ddc$40$6KTS_1_000000000000000_C1_33_07E24AB$70$8RAR$923854$aORPH$bORPH$cKTS1_C1$d2020-07-08$eKoopman$i07E24a-b$l0$oKTS1 C1.33 07E24a-b$r2021-01-12 00:00:00$w2021-01-12$ySCO
=999  \\$d1612

