=LDR  04849    a2200553   4500
=001  1617
=008  210920s1805\\\\\\\||p||\||||\00|\0\eng\d
=041  \\$aeng
=059  \\$apf
=100  \\$aCorri, Natale$d1765-1822$4arr$96169
=245  \\$aA Second Collection of Admired Marches, Waltzes, Minuets & Airs
=260  \\$aEdinburgh$bCorri$c1805
=300  \\$a32 pages$billustration
=500  \\$aPlate of D. Morrison & Co. Booksellers Stationers and Bookbinders, Inverness
=501  \\$aBound in with 'Joan of Arc or The Maid of Orleans', 'The Favorite Duett of Tink a Tink in the Opera of Blue Beard', 'Russian Dance', 'The Favorite Overture to the Round Tower', 'The Battle of Prague', 'Musical Riddles op. 10', 'The Battle of Trafalgar: A Characteristic Piece op. 6', 'The Naval Battle and Total Defeat of the Grand Dutch Fleet ...', 'Three Favorite Airs Selected from Blue Beard with the March Fatima & Tink a Tink', 'Overture to Oscar & Malvina with the Highland March & Battle Pieces', and 'Grand Overture to Henry the Fourth'
=505  \\$gThe Emperor of Austria's March -- Austrian Quick Step -- Waltz Danced by the Miss Adams's at the Theatres Royal London Edinburgh &c. -- A Neapolitan March -- Air from Figaro / Mozart -- Les Folies d'Espagne -- La Retreta a Spanish Quick March -- Grand March / Beethoven -- Military Rondo / Kloffler -- The Blue Ey'd Girl a German Air -- Waltz -- Waltz Performed at Vauxhall Composed by M. P. Corri -- March from Figaro / Mozart -- Waltz -- Minuett / Metzger -- Waltz -- The Duke of Brunswick's March -- Monfrina a Venetian Air -- Waltz -- The Arch Duke Charles's March -- Austrian Quick Step -- Air from Don Giovanni / Mozart -- Waltz -- Marche Religieuse -- Andante quasi Allegretto -- Allegro Scherzando -- Waltz -- Prince Hohenloe's March -- Allegretto -- Rondo by Madame Dussek -- The Strasburgh Waltz -- Roxolane / Raults -- Chorus from Iphigénie / Gluck -- Minuett from Don Giovanni / Mozart -- A Pathetic Italian Air / Paisiello -- Waltz -- The Dutch Skipper -- Minuett / G. A. Mecklin -- Pollacca -- Two Waltzes Performed at Vauxhall / P. Corri
=561  \\$aEx libris Mary Mackintosh of Mackintosh (manuscript)
=590  \\$aSome of which have been Performed by the Pandeans and Silver Miners Band at Vauxhall London &c. To which are added several original Compositions never before Published in Britain by Mozart Beethoven Gluck &c. &c. The whole Properly Arranged for the Piano Forte
=610  \0$aVauxhall Gardens (London, United Kingdom)$927111
=648  \0$a19th Century (1801-1900)$1http://www.wikidata.org/entity/Q6955$920935
=650  \0$aKeyboard music$1http://www.wikidata.org/entity/Q105715630$921412
=650  \0$aPiano$1http://www.wikidata.org/entity/Q5994$92127
=650  \0$aMarch$1http://www.wikidata.org/entity/Q211025$922862
=650  \0$aWaltz$1http://www.wikidata.org/entity/Q8701407$922010
=650  \0$aMinuet$1http://www.wikidata.org/entity/Q205734$93918
=650  \0$aDance$1http://www.wikidata.org/entity/Q11639$1http://www.wikidata.org/entity/Q316930$924845
=650  \0$aAria$1http://www.wikidata.org/entity/Q178122$921592
=650  \0$aDynamic$1http://www.wikidata.org/entity/Q113558$92847
=650  \0$aOpera buffa$1http://www.wikidata.org/entity/Q208080$926015
=650  \0$aArrangement$1http://www.wikidata.org/entity/Q379755$94282
=651  \0$aEdinburgh (United Kingdom)$1http://www.wikidata.org/entity/Q23436$925409
=653  \0$aboekprijs$3tp$020137351$w07E27a$929701
=653  \0$aBeethoven, L. van$39$020137351$w07E27a$929359
=653  \0$acomponiste$326$020137351$w07E27a$930632
=653  \0$aPaisiello$330$020137351$w07E27a$935717
=653  \0$afolia$315$020137351$w07E27a$931797
=653  \0$aGluck$328$020137351$w07E27a$932235
=653  \0$aMozart, W.A.$36, 13, 21, 25, 29$020137351$w07E27a$934927
=700  \\$aMozart, Wolfgang Amadeus$d1756-1791$1http://www.wikidata.org/entity/Q254$4cmp$95341
=700  \\$aBeethoven, Ludwig van$d1770-1827$1http://www.wikidata.org/entity/Q255$4cmp$95335
=700  \\$aDussek, Sophia Giustina$d1775-c. 1831$1http://www.wikidata.org/entity/Q2915480$4cmp$927109
=700  \\$aGluck, Christoph Willibald$d1714-1787$1http://www.wikidata.org/entity/Q130759$4cmp$96111
=700  \\$aPaisiello, Giovanni$d1740-1816$1http://www.wikidata.org/entity/Q202303$4cmp$95361
=700  \\$aCorri, Antony$d1784-1832$1http://www.wikidata.org/entity/Q7183128$4cmp$927112
=773  \\$01617$tA Second Collection of Admired Marches, Waltzes, Minuets & Airs$w1617
=856  \\$uhttps://imslp.org/wiki/Special:ImagefromIndex/559726/oriyt$3International Music Score Library Project
=942  \\$cSCO
=952  \\$00$10$2ddc$40$6KTS_1_000000000000000_C1_33_07E27A$70$8RAR$91617$aORPH$bORPH$cKTS1_C1$d2020-07-08$eKoopman$oKTS1 C1.33 07E27a$p20137351$r2021-01-12 00:00:00$w2021-01-12$ySCO
=999  \\$d1617

