=LDR  08506    a2200733   4500
=001  1626
=005  20251003125332.0
=008  210920s1804\\\\|||||p||\||||\00|\0\eng\d
=041  \\$aeng
=059  \\$apf
=100  \\$aSteibelt, Daniel$d1765-1823$4cmp$96174
=245  \\$aThe Favorite Duett of Tink a Tink in the Opera of Blue Beard
=260  \\$aLondon$bLongman & Broderip$c1804
=300  \\$a8 pages
=336  \\$aprinted
=501  \\$aA Second Collection of Admired Marches, Waltzes, Minuets & Airs
Joan of Arc or The Maid of Orleans
Russian Dance
The Favorite Overture to the Round Tower
The Battle of Prague
Musical Riddles op. 10
The Battle of Trafalgar: A Characteristic Piece op. 6
The Naval Battle and Total Defeat of the Grand Dutch Fleet ...
Three Favorite Airs Selected from Blue Beard with the March Fatima & Tink a Tink
Overture to Oscar & Malvina with the Highland March & Battle Pieces
Grand Overture to Henry the Fourth
=648  \0$a19th Century (1801-1900)$1http://www.wikidata.org/entity/Q6955$920935
=650  \0$aInstrumental music$1http://www.wikidata.org/entity/Q639197$92106
=650  \0$aDuet$1http://www.wikidata.org/entity/Q109940$92394
=650  \0$aPiano$1http://www.wikidata.org/entity/Q5994$92127
=653  \0$abezetting (voc.)$3tp$0None$w07E27c$929527
=653  \0$aboekprijs$3tp, 12$0None$w07E27c$929701
=653  \0$adynamiek$3wb$0None$w07E27c$931346
=653  \0$afondscatalogus$31$0None$w07E27c$931799
=773  \\$01617$tA Second Collection of Admired Marches, Waltzes, Minuets & Airs$w1617
=856  \\$uhttps://books.google.be/books?id=n6cWjfkH8H4C&hl=nl&pg=PA237#v=onepage&q&f=false$3Google Books
=942  \\$cSCO
=952  \\$00$10$2ddc$40$6KTS_1_000000000000000_C1_33_07E27C$70$8RAR$91626$aORPH$bORPH$cKTS1_C1$d2020-07-08$eKoopman$i07E27c$oKTS1 C1.33 07E27c$r2021-01-12 00:00:00$w2021-01-12$ySCO
=952  \\$00$10$2ddc$40$6KTS_1_000000000000000_C1_33_07E27C$70$8RAR$923757$aORPH$bORPH$cKTS1_C1$d2020-07-08$eKoopman$i07E27c$l0$oKTS1 C1.33 07E27c$r2021-01-12 00:00:00$w2021-01-12$ySCO
=952  \\$00$10$2ddc$40$6KTS_1_000000000000000_C1_33_07E27C$70$8RAR$923858$aORPH$bORPH$cKTS1_C1$d2020-07-08$eKoopman$i07E27c$l0$oKTS1 C1.33 07E27c$r2021-01-12 00:00:00$w2021-01-12$ySCO
=952  \\$00$10$2ddc$40$6KTS_1_000000000000000_C1_33_07E27C$70$8RAR$924170$aORPH$bORPH$cKTS1_C1$d2020-07-08$eKoopman$i07E27c$l0$oKTS1 C1.33 07E27c$r2021-01-12 00:00:00$w2021-01-12$ySCO
=952  \\$00$10$2ddc$40$6KTS_1_000000000000000_C1_33_07E27C$70$8RAR$924171$aORPH$bORPH$cKTS1_C1$d2020-07-08$eKoopman$i07E27c$l0$oKTS1 C1.33 07E27c$r2021-01-12 00:00:00$w2021-01-12$ySCO
=952  \\$00$10$2ddc$40$6KTS_1_000000000000000_C1_33_07E27C$70$8RAR$924172$aORPH$bORPH$cKTS1_C1$d2020-07-08$eKoopman$i07E27c$l0$oKTS1 C1.33 07E27c$r2021-01-12 00:00:00$w2021-01-12$ySCO
=952  \\$00$10$2ddc$40$6KTS_1_000000000000000_C1_33_07E27C$70$8RAR$924411$aORPH$bORPH$cKTS1_C1$d2020-07-08$eKoopman$i07E27c$l0$oKTS1 C1.33 07E27c$r2021-01-12 00:00:00$w2021-01-12$ySCO
=952  \\$00$10$2ddc$40$6KTS_1_000000000000000_C1_33_07E27C$70$8RAR$924412$aORPH$bORPH$cKTS1_C1$d2020-07-08$eKoopman$i07E27c$l0$oKTS1 C1.33 07E27c$r2021-01-12 00:00:00$w2021-01-12$ySCO
=952  \\$00$10$2ddc$40$6KTS_1_000000000000000_C1_33_07E27C$70$8RAR$924413$aORPH$bORPH$cKTS1_C1$d2020-07-08$eKoopman$i07E27c$l0$oKTS1 C1.33 07E27c$r2021-01-12 00:00:00$w2021-01-12$ySCO
=952  \\$00$10$2ddc$40$6KTS_1_000000000000000_C1_33_07E27C$70$8RAR$924414$aORPH$bORPH$cKTS1_C1$d2020-07-08$eKoopman$i07E27c$l0$oKTS1 C1.33 07E27c$r2021-01-12 00:00:00$w2021-01-12$ySCO
=952  \\$00$10$2ddc$40$6KTS_1_000000000000000_C1_33_07E27C$70$8RAR$924415$aORPH$bORPH$cKTS1_C1$d2020-07-08$eKoopman$i07E27c$l0$oKTS1 C1.33 07E27c$r2021-01-12 00:00:00$w2021-01-12$ySCO
=952  \\$00$10$2ddc$40$6KTS_1_000000000000000_C1_33_07E27C$70$8RAR$924416$aORPH$bORPH$cKTS1_C1$d2020-07-08$eKoopman$i07E27c$l0$oKTS1 C1.33 07E27c$r2021-01-12 00:00:00$w2021-01-12$ySCO
=952  \\$00$10$2ddc$40$6KTS_1_000000000000000_C1_33_07E27C$70$8RAR$924809$aORPH$bORPH$cKTS1_C1$d2020-07-08$eKoopman$i07E27c$l0$oKTS1 C1.33 07E27c$r2021-01-12 00:00:00$w2021-01-12$ySCO
=952  \\$00$10$2ddc$40$6KTS_1_000000000000000_C1_33_07E27C$70$8RAR$924810$aORPH$bORPH$cKTS1_C1$d2020-07-08$eKoopman$i07E27c$l0$oKTS1 C1.33 07E27c$r2021-01-12 00:00:00$w2021-01-12$ySCO
=952  \\$00$10$2ddc$40$6KTS_1_000000000000000_C1_33_07E27C$70$8RAR$924811$aORPH$bORPH$cKTS1_C1$d2020-07-08$eKoopman$i07E27c$l0$oKTS1 C1.33 07E27c$r2021-01-12 00:00:00$w2021-01-12$ySCO
=952  \\$00$10$2ddc$40$6KTS_1_000000000000000_C1_33_07E27C$70$8RAR$924812$aORPH$bORPH$cKTS1_C1$d2020-07-08$eKoopman$i07E27c$l0$oKTS1 C1.33 07E27c$r2021-01-12 00:00:00$w2021-01-12$ySCO
=952  \\$00$10$2ddc$40$6KTS_1_000000000000000_C1_33_07E27C$70$8RAR$924813$aORPH$bORPH$cKTS1_C1$d2020-07-08$eKoopman$i07E27c$l0$oKTS1 C1.33 07E27c$r2021-01-12 00:00:00$w2021-01-12$ySCO
=952  \\$00$10$2ddc$40$6KTS_1_000000000000000_C1_33_07E27C$70$8RAR$924814$aORPH$bORPH$cKTS1_C1$d2020-07-08$eKoopman$i07E27c$l0$oKTS1 C1.33 07E27c$r2021-01-12 00:00:00$w2021-01-12$ySCO
=952  \\$00$10$2ddc$40$6KTS_1_000000000000000_C1_33_07E27C$70$8RAR$925798$aORPH$bORPH$cKTS1_C1$d2020-07-08$eKoopman$i07E27c$l0$oKTS1 C1.33 07E27c$r2021-01-12 00:00:00$w2021-01-12$ySCO
=952  \\$00$10$2ddc$40$6KTS_1_000000000000000_C1_33_07E27C$70$8RAR$925799$aORPH$bORPH$cKTS1_C1$d2020-07-08$eKoopman$i07E27c$l0$oKTS1 C1.33 07E27c$r2021-01-12 00:00:00$w2021-01-12$ySCO
=952  \\$00$10$2ddc$40$6KTS_1_000000000000000_C1_33_07E27C$70$8RAR$925800$aORPH$bORPH$cKTS1_C1$d2020-07-08$eKoopman$i07E27c$l0$oKTS1 C1.33 07E27c$r2021-01-12 00:00:00$w2021-01-12$ySCO
=952  \\$00$10$2ddc$40$6KTS_1_000000000000000_C1_33_07E27C$70$8RAR$925801$aORPH$bORPH$cKTS1_C1$d2020-07-08$eKoopman$i07E27c$l0$oKTS1 C1.33 07E27c$r2021-01-12 00:00:00$w2021-01-12$ySCO
=952  \\$00$10$2ddc$40$6KTS_1_000000000000000_C1_33_07E27C$70$8RAR$925802$aORPH$bORPH$cKTS1_C1$d2020-07-08$eKoopman$i07E27c$l0$oKTS1 C1.33 07E27c$r2021-01-12 00:00:00$w2021-01-12$ySCO
=952  \\$00$10$2ddc$40$6KTS_1_000000000000000_C1_33_07E27C$70$8RAR$925803$aORPH$bORPH$cKTS1_C1$d2020-07-08$eKoopman$i07E27c$l0$oKTS1 C1.33 07E27c$r2021-01-12 00:00:00$w2021-01-12$ySCO
=952  \\$00$10$2ddc$40$6KTS_1_000000000000000_C1_33_07E27C$70$8RAR$925804$aORPH$bORPH$cKTS1_C1$d2020-07-08$eKoopman$i07E27c$l0$oKTS1 C1.33 07E27c$r2021-01-12 00:00:00$w2021-01-12$ySCO
=952  \\$00$10$2ddc$40$6KTS_1_000000000000000_C1_33_07E27C$70$8RAR$925805$aORPH$bORPH$cKTS1_C1$d2020-07-08$eKoopman$i07E27c$l0$oKTS1 C1.33 07E27c$r2021-01-12 00:00:00$w2021-01-12$ySCO
=952  \\$00$10$2ddc$40$6KTS_1_000000000000000_C1_33_07E27C$70$8RAR$925806$aORPH$bORPH$cKTS1_C1$d2020-07-08$eKoopman$i07E27c$l0$oKTS1 C1.33 07E27c$r2021-01-12 00:00:00$w2021-01-12$ySCO
=952  \\$00$10$2ddc$40$6KTS_1_000000000000000_C1_33_07E27C$70$8RAR$925807$aORPH$bORPH$cKTS1_C1$d2020-07-08$eKoopman$i07E27c$l0$oKTS1 C1.33 07E27c$r2021-01-12 00:00:00$w2021-01-12$ySCO
=952  \\$00$10$2ddc$40$6KTS_1_000000000000000_C1_33_07E27C$70$8RAR$925808$aORPH$bORPH$cKTS1_C1$d2020-07-08$eKoopman$i07E27c$l0$oKTS1 C1.33 07E27c$r2021-01-12 00:00:00$w2021-01-12$ySCO
=952  \\$00$10$2ddc$40$6KTS_1_000000000000000_C1_33_07E27C$70$8RAR$925809$aORPH$bORPH$cKTS1_C1$d2020-07-08$eKoopman$i07E27c$l0$oKTS1 C1.33 07E27c$r2021-01-12 00:00:00$w2021-01-12$ySCO
=952  \\$00$10$2ddc$40$6KTS_1_000000000000000_C1_33_07E27C$70$8RAR$925810$aORPH$bORPH$cKTS1_C1$d2020-07-08$eKoopman$i07E27c$l0$oKTS1 C1.33 07E27c$r2021-01-12 00:00:00$w2021-01-12$ySCO
=952  \\$00$10$2ddc$40$6KTS_1_000000000000000_C1_33_07E27C$70$8RAR$925811$aORPH$bORPH$cKTS1_C1$d2020-07-08$eKoopman$i07E27c$l0$oKTS1 C1.33 07E27c$r2021-01-12 00:00:00$w2021-01-12$ySCO
=952  \\$00$10$2ddc$40$6KTS_1_000000000000000_C1_33_07E27C$70$8RAR$925812$aORPH$bORPH$cKTS1_C1$d2020-07-08$eKoopman$i07E27c$l0$oKTS1 C1.33 07E27c$r2021-01-12 00:00:00$w2021-01-12$ySCO
=952  \\$00$10$2ddc$40$6KTS_1_000000000000000_C1_33_07E27C$70$8RAR$925813$aORPH$bORPH$cKTS1_C1$d2020-07-08$eKoopman$i07E27c$l0$oKTS1 C1.33 07E27c$r2021-01-12 00:00:00$w2021-01-12$ySCO
=952  \\$00$10$2ddc$40$6KTS_1_000000000000000_C1_33_07E27C$70$8RAR$925814$aORPH$bORPH$cKTS1_C1$d2020-07-08$eKoopman$i07E27c$l0$oKTS1 C1.33 07E27c$r2021-01-12 00:00:00$w2021-01-12$ySCO
=952  \\$00$10$2ddc$40$6KTS_1_000000000000000_C1_33_07E27C$70$8RAR$925815$aORPH$bORPH$cKTS1_C1$d2020-07-08$eKoopman$i07E27c$l0$oKTS1 C1.33 07E27c$r2021-01-12 00:00:00$w2021-01-12$ySCO
=999  \\$d1626

