=LDR  01946adm a2200301   4500
=001  1628
=005  20250925143255.0
=008  210323n\\\\\\\\\\\||l|||||||\00|\0\mul\d
=041  \\$adut$dlat
=059  \\$aS A T B SATB pf
=100  \\$aMulder, Ernest Willem$d1898-1959$4cmp$919698
=240  \\$aSinfonia sacra I for 6 Soloists, Chorus, and Orchestra
=245  \\$aSymphonia sacra:$bcanti e pianoforte$nI$pApocalyps
=260  \\$aNetherlands$bs.n.$c19xx
=300  \\$a121-7 pages 
=500  \\$aAutograph containing performance marks (letters in blue pencil) and overpasted fragments
=500  \\$aErnest Willem Mulder was a Dutch composer, conductor, and teacher. He was a pupil of Schulz (piano) and Zweers (composition) at the Amsterdam Toonkunst Conservatorium, where he became a professor of theory and composition. From 1938 to 1947 he lectured at the University of Utrecht. He also was director of the Bussum Music School and conductor of the Toonkunst society. He is remembered by Ton Koopman for having written a book on countyerpoint.
=501  \\$aInterleaves between page 100-101: Apocalyps, De Openbaring van Johannes Cap.XXI for S and organ (composed in 1920); "Opgedragen aan Mevrous Dora Zweers de Leeuw met de meeste hogaachting
=501  \\$aTears in the paper repaired with scotch tape
=533  \\$aDigitized by iGuana, Spring 2022; under embargo until 2029
=561  \\$aComposed 1922-32?
=648  \0$a20th Century (1901-2000)$1http://www.wikidata.org/entity/Q6927$920936
=650  \0$aReligion$1http://www.wikidata.org/entity/Q9174$93062
=651  \0$aNetherlands$1http://www.wikidata.org/entity/Q55$9173
=856  \\$uhttps://drive.google.com/drive/folders/17UDWr8YjpqQ6AwQsl_4-AqlR-Ixxonwg$3Koopman Digital
=942  \\$cMS
=952  \\$00$10$2ddc$40$6KTS_1_000000000000000_C1_33_07E33$70$8RAR$91628$aORPH$bORPH$cKTS1_C1$d2020-07-08$eKoopman$oKTS1 C1.33 07E33$p20136141$r2021-01-12 00:00:00$w2021-01-12$yMS
=999  \\$d1628

