=LDR  01681adm a2200313   4500
=001  1629
=008  210323q1839\\\\\\\||a|||||||\00|\0\ger\d
=041  \\$ager
=059  \\$a2S fl 2ob cl 2hrn timp 2vn vla1 vla2 vc db
=100  \\$aNaumann, Johann Gottlieb$d1741-1801$4cmp$1http://www.wikidata.org/entity/Q213927$96177
=245  \\$aDer 96ste Psalm.$bSinget dem Herrn ein neues Lied etc.
=260  \\$as.l.$c1839
=300  \\$a49 pages
=500  \\$aManuscript copy, dated März 1839, after published score
=533  \\$aDigitized by iGuana, Spring 2022
=534  \\$aOriginally composed for Schwerin, 1786
=563  \\$aBound into a former register for inhabitants or renters
=590  \\$ain Musik gesetzt von JK G. Naumann. Partitur. Bei Breitkopf und Hærtel in Leipzig
=648  \0$a19th Century (1801-1900)$1http://www.wikidata.org/entity/Q6955$920935
=648  \0$a18th Century (1701-1800)$1http://www.wikidata.org/entity/Q7015$920899
=650  \0$aChurch music$1http://www.wikidata.org/entity/Q8812109$92283
=650  \0$aPsalm$1http://www.wikidata.org/entity/Q12497663$92164
=651  \0$aGermany$1http://www.wikidata.org/entity/Q183$9155
=700  \\$4mcp$aPothko$dfl. 1839$924590
=856  \\$uhttps://uv-v4.netlify.app/#?manifest=https://sharedcanvas.be/IIIF/manifests/70aeb63a-4a20-11ed-b783-f42518986b59$3Orpheus Instituut - Shared Canvas viewer
=856  \\$uhttps://sharedcanvas.be/IIIF/manifests/70aeb63a-4a20-11ed-b783-f42518986b59$3IIIF manifest
=942  \\$cMS
=952  \\$00$10$2ddc$40$6KTS_1_000000000000000_C1_33_07E34$70$8RAR$91629$aORPH$bORPH$cKTS1_C1$d2020-07-08$eKoopman$oKTS1 C1.33 07E34$p20136140$r2021-01-12 00:00:00$w2021-01-12$yMS
=999  \\$d1629

