=LDR  01000aca a2200253   4500
=001  1631
=008  210922b\\\\\\\\|||||d||\||||\00|\0\fre\d
=041  \\$afre
=059  \\$a2S kbd
=100  \\$aNeukomm, Sigismund von$d1778-1858$4cmp$1http://www.wikidata.org/entity/Q698066$99129
=245  \\$aLe Pater, à l'usage des écoles et des maisons d'éducation
=260  \\$aParis$bNicou-Choron et Canaux
=300  \\$a5 pages
=336  \\$aprinted
=500  \\$aMs. note of the publishers
=501  \\$aNeukomm's 'Cantate sacrée'
=648  \0$a19th Century (1801-1900)$1http://www.wikidata.org/entity/Q6955$920935
=650  \0$aVocal music$1http://www.wikidata.org/entity/Q685884$93319
=650  \0$aEducation$926206
=700  \\$4aut$aLecomte$96179
=773  \\$01631$tLe Pater$w1631
=942  \\$cSCO
=952  \\$00$10$2ddc$40$6KTS_1_000000000000000_C1_33_07E35A$70$8RAR$91631$aORPH$bORPH$cKTS1_C1$d2020-07-08$eKoopman$i07E35a$oKTS1 C1.33 07E35a$p20137353$r2021-01-12 00:00:00$w2021-01-12$ySCO
=999  \\$d1631

