=LDR  01340aca a2200241   4500
=001  1634
=008  210921b\\\\\\\\|||||p||\||||\00|\0\eng\d
=041  \\$aeng
=059  \\$apf/hpd 4h
=100  \\$aPleyel, Ignaz$d1757-1831$4cmp$1http://www.wikidata.org/entity/Q314019$95340
=245  \\$aThree Original Duetts for Two Performers on the Piano-Forte or Harpsichord op. 20
=260  \\$aLondon$bLongman & Broderip$cs.d.
=300  \\$a47 pages
=336  \\$aprinted
=500  \\$acontains 3 sonates:
I.Sonata for Piano 4 Hands in ? Ben. ?: I.Allegro Vivace, II. Rondo Allegro; 
II. Sonata for Piano 4 Hands in G Minor, Ben. 5203: I. Allegro, II. Largo espressivo, III. Menuetto Allegretto; 
III.Sonata for Piano 4 Hands in ? Ben. ?: I.Allegro, II. Rondo Allegro.
=561  \\$aEx Libris Nifs(?) Townsend (manuscript)
=648  \0$a18th Century (1701-1800)$1http://www.wikidata.org/entity/Q7015$920899
=648  \0$a19th Century (1801-1900)$1http://www.wikidata.org/entity/Q6955$920935
=650  \0$aInstrumental music$1http://www.wikidata.org/entity/Q639197$92106
=650  \0$aDuet$1http://www.wikidata.org/entity/Q109940$92394
=942  \\$cSCO
=952  \\$00$10$2ddc$40$6KTS_1_000000000000000_C1_33_07E39$70$8RAR$91634$aORPH$bORPH$cKTS1_C1$d2020-07-08$eKoopman$i 07E39$oKTS1 C1.33 07E39$p20134134$r2021-01-12 00:00:00$w2021-01-12$ySCO
=999  \\$d1634

