=LDR  01368adm a2200289   4500
=001  1636
=008  210322b\\\\\\\\\\\||a||\||||\00|\0\mul\d
=041  \\$aita$dlat
=059  \\$aSA 2vn vla bc
=100  \\$aPergolesi, Giovanni Battista$d1710-1736$4cmp$1http://www.wikidata.org/entity/Q185312$94761
=245  \\$aStabat Mater
=260  \\$as.l.$c18xx
=300  \\$a80 pages$c4°
=500  \\$aMost likely a 19th-century manuscript copy
=533  \\$aDigitized by iGuana, Spring 2022
=534  \\$aPremiered in Naples, 1736
=561  \\$aEx Libris Minna Schild (manuscript)
=590  \\$aStabat Mater de G.B. Pergolesi
=648  \0$a18th Century (1701-1800)$1http://www.wikidata.org/entity/Q7015$920899
=650  \0$aChurch music$1http://www.wikidata.org/entity/Q8812109$92283
=650  \0$aCatholicism$1http://www.wikidata.org/entity/Q1841$921631
=651  \0$aNaples (Italy)$1http://www.wikidata.org/entity/Q2634$921
=856  \\$uhttps://uv-v4.netlify.app/#?manifest=https://sharedcanvas.be/IIIF/manifests/15a5bc1d-497d-11ed-8eb8-9326bef4fbae$3IIIF
=856  \\$uhttps://sharedcanvas.be/IIIF/manifests/15a5bc1d-497d-11ed-8eb8-9326bef4fbae$3IIIF manifest
=942  \\$cMS
=952  \\$00$10$2ddc$40$6KTS_1_000000000000000_C2_34_07E41$70$8RAR$91636$aORPH$bORPH$cKTS1_C2$d2020-07-08$eKoopman$oKTS1 C2.34 07E41$p20136134$r2021-01-12 00:00:00$w2021-01-12$yMS
=999  \\$d1636

