=LDR  01426adm a2200289   4500
=001  1638
=005  20250925143255.0
=008  210323s1916\\\\\\\||a|||||||\00|\0\dut\d
=041  \\$adut
=059  \\$apicc 4clr 2ob 3sax 2rt 2bug 4tpt 2alto-hn 4hn 2bn 3bob 2tba db 3tbn perc
=100  \\$aRauwman, N. A.$dfl. 1916$4cmp$96182
=245  \\$aPiet Hein Marsch$bbewerkt op Ned. liederen
=260  \\$aThe Hague$c1916
=300  \\$a6 pages
=500  \\$aFull score for wind band; signed and dated "8 april 1916, Den Haag"
=533  \\$aDigitized by iGuana, Spring 2022
=590  \\$adoor N. A. Rauwman
=648  \0$a20th Century (1901-2000)$1http://www.wikidata.org/entity/Q6927$920936
=650  \0$aMarch$1http://www.wikidata.org/entity/Q211025$922862
=650  \0$aWind instrument$1http://www.wikidata.org/entity/Q173453$94615
=650  \0$aArrangement$1http://www.wikidata.org/entity/Q379755$94282
=651  \0$aThe Hague (Netherlands)$1http://www.wikidata.org/entity/Q36600$910
=856  \\$uhttps://uv-v4.netlify.app/#?manifest=https://sharedcanvas.be/IIIF/manifests/15a5ca73-497d-11ed-8eb8-9852ad2892dc$3IIIF
=856  \\$uhttps://sharedcanvas.be/IIIF/manifests/15a5ca73-497d-11ed-8eb8-9852ad2892dc$3IIIF manifest
=942  \\$cMS
=952  \\$00$10$2ddc$40$6KTS_1_000000000000000_C1_33_07E43$70$8RAR$91638$aORPH$bORPH$cKTS1_C1$d2020-07-08$eKoopman$oKTS1 C1.33 07E43$p20136139$r2021-01-12 00:00:00$w2021-01-12$yMS
=999  \\$d1638

