=LDR  01575aca a2200265   4500
=001  1639
=008  210921s1753\\\\|||||a||\||||\00|\0\fre\d
=041  \\$afre
=059  \\$avv orch
=100  \\$aRousseau, Jean-Jacques$d1712-1778$4cmp$4lbt$1http://www.wikidata.org/entity/Q6527$95214
=245  \\$aLe Devin du village. Intermède
=260  \\$aParis$bs.n.$c1753
=300  \\$a[ii]-94 pages
=336  \\$aprinted
=500  \\$aRousseau's Devin du Village - a pastoral opera, composed of melodies and instrumental music in the Italian style, announcing the comic opera - was first performed on 18 October 1752 before the royal court at Fontainebleau, and for the public, on 1 March 1753 at the Théâtre du Palais-Royal in Paris.
=500  \\$aScore incomplete. Until page 94. Rest is missing.
=500  \\$aThe 1753 edition is dedicated to Charles Pinot Duclos (1704 -1772), writer and historian, member of the Académie des inscriptions et belles-lettres, protégé of Madame de Pompadour.
=610  \0$aOpéra (Paris, France)$1http://www.wikidata.org/entity/Q283339$920898
=648  \0$a18th Century (1701-1800)$1http://www.wikidata.org/entity/Q7015$920899
=650  \0$aOpera$1http://www.wikidata.org/entity/Q1344$92468
=650  \0$aVocal music$1http://www.wikidata.org/entity/Q685884$93319
=651  \0$aFrance$1http://www.wikidata.org/entity/Q142$9131
=942  \\$cSCO
=952  \\$00$10$2ddc$40$6KTS_1_000000000000000_C1_33_07E44$70$8RAR$91639$aORPH$bORPH$cKTS1_C1$d2020-07-08$eKoopman$i07E44$oKTS1 C1.33 07E44$p20134136$r2021-01-12 00:00:00$w2021-01-12$ySCO
=999  \\$d1639

