=LDR  01513aca a2200265   4500
=001  1640
=008  210921s1815\\\\|||||p||\||||\00|\0\fre\d
=041  \\$afre
=059  \\$apf
=100  \\$aRuppe, Christian Friedrich$d1753-1826$4cmp$1http://www.wikidata.org/entity/Q87946$94784
=245  \\$aLa Grande bataille de Waterloo ou de la Belle-Alliance (fait historique). Composée pour le piano-forte$b op. 23
=250  \\$a1st ed.
=260  \\$aLeiden$bRuppe$c1815
=300  \\$a19 pages
=336  \\$aprinted
=500  \\$aDedicated to the Prince of Orange
=500  \\$aChristian Friedrich Ruppe (1753-1826) was a composer and performer who originated from Thüringen and moved to Leiden in 1772, becoming the organist of the Lutheran Church at the Hooglandse Kerkgracht;
=561  \\$aEx Libris Bd. Visser Javastraat 15c Amsterdam (Stamp)
=590  \\$aTrès humblement dédiée A son Altesse Roijale Le Prince d'Orange Prince Héreditaire du Roijaume des Pays-Bas
=648  \0$a19th Century (1801-1900)$1http://www.wikidata.org/entity/Q6955$920935
=650  \0$aInstrumental music$1http://www.wikidata.org/entity/Q639197$92106
=856  \\$uhttp://objects.library.uu.nl/reader/index.php?obj=1874-209693&lan=en#page//11/19/92/111992373242321786901697407249195313691.jpg/mode/1up$3University of Utrecht
=942  \\$cSCO
=952  \\$00$10$2ddc$40$6KTS_1_000000000000000_C1_33_07E45$70$8RAR$91640$aORPH$bORPH$cKTS1_C1$d2020-07-08$eKoopman$oKTS1 C1.33 07E45$p20134137$r2021-01-12 00:00:00$w2021-01-12$ySCO
=999  \\$d1640

