=LDR  01422aca a2200265   4500
=001  1642
=008  210921s1779\\\\|||||p||\||||\00|\0\eng\d
=041  \\$aeng
=059  \\$ahpd/pf 4h
=100  \\$aSmith, Theodore$dc. 1740-c. 1810$4cmp$1http://www.wikidata.org/entity/Q18954582$94781
=245  \\$aThree Favourite Duets. For Two Performers on one Harpsichord or Piano Forte op. 3
=260  \\$aLondon$bLongman & Broderip$c1779
=300  \\$a15 pages
=336  \\$aprinted
=500  \\$aSeems to be part of larger collection of different works; manuscript pagination: 149-163.
=500  \\$aOne of the dedicatees is Lady Sarah Windsor (1763-1825), who married William Champion de Crespigny in 1786 .



=590  \\$aDedicated to the Right Honorable Lady Ann and Lady Sarah Windsor
=648  \0$a18th Century (1701-1800)$1http://www.wikidata.org/entity/Q7015$920899
=650  \0$aInstrumental music$1http://www.wikidata.org/entity/Q639197$92106
=650  \0$aDuet$1http://www.wikidata.org/entity/Q109940$92394
=651  \0$aUnited Kingdom$1http://www.wikidata.org/entity/Q21$9273
=856  \\$uhttps://imslp.org/wiki/3_Keyboard_Duets%2C_Op.3_(Smith%2C_Theodore)$3International Music Score Library Project
=942  \\$cSCO
=952  \\$00$10$2ddc$40$6KTS_1_000000000000000_C1_33_07E47$70$8RAR$91642$aORPH$bORPH$cKTS1_C1$d2020-07-08$eKoopman$i07E47$oKTS1 C1.33 07E47$p20134139$r2021-01-12 00:00:00$w2021-01-12$ySCO
=999  \\$d1642

