=LDR  01159acm a2200241   4500
=001  1646
=008  210923s1733\\\\|||||l||\||||\00|\0\eng\d
=041  \\$aeng
=059  \\$avn hpd/vc
=100  \\$aVeracini, Francesco Maria$d1690-1768$4cmp$1http://www.wikidata.org/entity/Q713268$96145
=240  \\$aop. 1
=245  \\$aXII Solo's for a Violin with a Thorough Bass for the Harpsicord or Bass Violin
=260  \\$aLondon$bWalsh$c1733
=300  \\$a81 pages$bmarbled edges
=648  \0$a18th Century (1701-1800)$1http://www.wikidata.org/entity/Q7015$920899
=650  \0$aInstrumental music$1http://www.wikidata.org/entity/Q639197$92106
=650  \0$aSonata$1http://www.wikidata.org/entity/Q131269$921653
=650  \0$aViolin$1http://www.wikidata.org/entity/Q8355$92783
=650  \0$aBasso continuo$1http://www.wikidata.org/entity/Q724321$921065
=856  4\$uhttps://digital.library.pitt.edu/islandora/object/pitt%3A31735051653610/viewer#page/1/mode/2up
=942  \\$cSCO
=952  \\$00$10$2ddc$40$6KTS_1_000000000000000_C1_34_07E54$70$8RAR$91646$aORPH$bORPH$cKTS1_C1$d2020-07-08$eKoopman$oKTS1 C1.34 07E54$p20137362$r2021-01-12 00:00:00$w2021-01-12$ySCO
=999  \\$d1646

