=LDR  01122aca a2200229   4500
=001  1648
=008  210923s1732\\\\|||||le|\||||\00|\0\eng\d
=041  \\$aeng
=059  \\$a4vn vla vc hpd
=100  \\$aVivaldi, Antonio$d1678-1741$4cmp$1http://www.wikidata.org/entity/Q1340$911980
=245  \\$aVivaldi's Most Celebrated Concertos op. 3
=260  \\$aLondon$bWalsh$c1732
=300  \\$a44+31+28+26+23+27+27 pages$bbox
=336  \\$aprinted
=500  \\$aInstrumental parts: 
a. violino primo
b. violino secondo
c. violino terzo
d. violino quarto
e. alto primo
f. violino e cembalo
g. violincello
=648  \0$a18th Century (1701-1800)$1http://www.wikidata.org/entity/Q7015$920899
=650  \0$aInstrumental music$1http://www.wikidata.org/entity/Q639197$92106
=650  \0$aConcerto$1http://www.wikidata.org/entity/Q9748$921817
=856  \\$uhttps://gallica.bnf.fr/ark:/12148/btv1b90624978.r$3Gallica
=942  \\$cSCO
=952  \\$00$10$2ddc$40$6KTS_1_000000000000000_C1_34_07E56_AG$70$8RAR$91648$aORPH$bORPH$cKTS1_C1$d2020-07-08$eKoopman$i07E56 a-g$oKTS1 C1.34 07E56 a-g$p20137361$r2021-01-12 00:00:00$w2021-01-12$ySCO
=999  \\$d1648

