=LDR  01510aca a2200277   4500
=001  1650
=008  210923s1716\\\\|||||d||\||||\00|\0\eng\d
=041  \\$aeng
=059  \\$avv bc
=100  \\$aWeldon, John$d1676-1736$4cmp$96187
=245  \\$aDivine Harmony:$bSix Select Anthems for a Voice Alone with a Thorow Bass for the Organ Harpsichord or Arch-Lute
=260  \\$aLondon$bWalsh$c1716
=300  \\$a29 pages$bengraving
=336  \\$aprinted
=500  \\$aContains 'O Lord Rebuke Me Not', 'Blessed Be the Lord My Strength', 'O Praise the Lord of Heaven', 'Thou Art My Portion', 'I Will Lift Up Mine Eyes', and 'Have Mercy Upon Me o God', all on lyrics taken from the Book of Common Prayer
=500  \\$aContains an interesting engraving next to the title page
=561  \\$aEx libris Donum G (?) (ms.+stamp)
=648  \0$a18th Century (1701-1800)$1http://www.wikidata.org/entity/Q7015$920899
=650  \0$aReligion$1http://www.wikidata.org/entity/Q9174$93062
=650  \0$aVocal music$1http://www.wikidata.org/entity/Q685884$93319
=650  \0$aAnthem$1http://www.wikidata.org/entity/Q541947$92161
=650  \0$aBasso continuo$1http://www.wikidata.org/entity/Q724321$921065
=856  \\$uhttps://imslp.org/wiki/Divine_Harmony_(Weldon%2C_John)$3International Music Score Library Project
=942  \\$cSCO
=952  \\$00$10$2ddc$40$6KTS_1_000000000000000_C1_34_07E58$70$8RAR$91650$aORPH$bORPH$cKTS1_C1$d2020-07-08$eKoopman$i07E58$oKTS1 C1.34 07E58$p20137356$r2021-01-12 00:00:00$w2021-01-12$ySCO
=999  \\$d1650

