=LDR  01142aca a2200253   4500
=001  1652
=005  20250925143255.0
=008  210923s1949\\\\\\\||p||\||||\00|\0\dut\d
=041  \\$aita
=059  \\$apf
=100  \\$aVoormolen, Alexander$d1895-1980$4cmp$1http://www.wikidata.org/entity/Q2281256$96188
=245  \\$aSonata per pianoforte
=260  \\$aAmsterdam$bAlsbach$c1949
=300  \\$a18 pages
=336  \\$aprinted
=500  \\$aInscription: "Presentexemplaar voor mijn vriend Hans. Streng verboden om uit te leenen of cadeau tegeven" (L.J. Zaltbommel 2/1)
=500  \\$aContains a newspaper excerpt: 'Lamento' by Voormolen
=648  \0$a20th Century (1901-2000)$1http://www.wikidata.org/entity/Q6927$920936
=650  \0$aInstrumental music$1http://www.wikidata.org/entity/Q639197$92106
=650  \0$aSonata$1http://www.wikidata.org/entity/Q131269$921653
=650  \0$aPiano$1http://www.wikidata.org/entity/Q5994$92127
=942  \\$cSCO
=952  \\$00$10$2ddc$40$6KTS_1_000000000000000_C1_34_07E61$70$8RAR$91652$aORPH$bORPH$cKTS1_C1$d2020-07-08$eKoopman$i07E61$oKTS1 C1.34 07E61$p20137358$r2021-01-12 00:00:00$w2021-01-12$ySCO
=999  \\$d1652

