=LDR  01337adm a2200289   4500
=001  1654
=005  20250925143255.0
=008  210323s1926\\\\\\\||ld|\||||\00|\0\dut\d
=041  \\$adut
=245  \\$a[Diverse oud-Hollandse liederen en dansen]
=260  \\$aLeiden$c1926
=300  \\$a126 pages
=500  \\$aParts
=500  \\$a20th-century arrangements of 17th-century songs
=533  \\$aDigitized by iGuana, Spring 2022
=561  \\$aEx libris Kl. van Delft (manuscript)
=563  \\$aOriental cover
=648  \0$a17th Century (1601-1700)$1http://www.wikidata.org/entity/Q7016$920923
=648  \0$a18th Century (1701-1800)$1http://www.wikidata.org/entity/Q7015$920899
=648  \0$a20th Century (1901-2000)$1http://www.wikidata.org/entity/Q6927$920936
=650  \0$aSong$1http://www.wikidata.org/entity/Q7366$94164
=651  \0$aNetherlands$1http://www.wikidata.org/entity/Q55$9173
=856  \\$uhttps://uv-v4.netlify.app/#?manifest=https://sharedcanvas.be/IIIF/manifests/ce0973e2-4a52-11ed-b3c5-d5d0ae1dbd25$3IIIF
=856  \\$uhttps://sharedcanvas.be/IIIF/manifests/ce0973e2-4a52-11ed-b3c5-d5d0ae1dbd25$3IIIF manifest
=942  \\$cMS
=952  \\$00$10$2ddc$40$6KTS_1_000000000000000_C1_34_07E63$70$8RAR$91654$aORPH$bORPH$cKTS1_C1$d2020-07-08$eKoopman$oKTS1 C1.34 07E63$p20136142$r2021-01-12 00:00:00$w2021-01-12$yMS
=999  \\$d1654

